Weight_Kg,Low_Price,High_Price,Sales_Total,Total_Qty_Sold,Total_Kg_Sold,Stock_On_Hand,avg_price_per_kg,Province_EASTERN CAPE,Province_NATAL,Province_ORANGE FREE STATE,Province_TRANSVAAL,Province_W.CAPE-BERGRIVER ETC,Province_WEST COAST,Container_DT063,Container_EC120,Container_EF120,Container_EG140,Container_IA400,Container_JE090,Container_JG110,Container_M4183,Container_M6125,Container_M9125,Size_Grade_1M,Size_Grade_1S,Size_Grade_1U,Size_Grade_1X,Size_Grade_2L,Size_Grade_2M,Size_Grade_2S,Size_Grade_2U,Size_Grade_2X,Season_Spring,Season_Summer,Season_Winter
18.3,150.0,170.0,51710.0,332,6075.6,822,8.51,0,0,0,0,0,0,0,0,0,0,0,0,0,1,0,0,0,0,0,0,0,0,0,0,0,1,0,0
11.0,50.0,50.0,16000.0,320,3520.0,0,4.55,0,0,0,0,0,0,0,0,0,0,0,0,1,0,0,0,0,0,0,0,0,1,0,0,0,0,0,0
9.0,55.0,55.0,990.0,18,162.0,1506,6.11,0,0,0,0,1,0,0,0,0,0,0,1,0,0,0,0,0,0,0,0,0,0,1,0,0,0,0,0
18.3,80.0,120.0,32020.0,388,7100.4,443,4.51,0,0,0,0,0,0,0,0,0,0,0,0,0,1,0,0,0,1,0,0,0,0,0,0,0,0,0,0
400.0,1800.0,1800.0,1800.0,1,400.0,2,4.5,1,0,0,0,0,0,0,0,0,0,1,0,0,0,0,0,0,1,0,0,0,0,0,0,0,1,0,0
9.0,55.0,55.0,4840.0,88,792.0,181,6.11,0,0,0,0,0,0,0,0,0,0,0,1,0,0,0,0,0,0,0,0,0,0,1,0,0,0,0,0
12.0,100.0,100.0,1200.0,12,144.0,119,8.33,0,0,0,0,0,0,0,1,0,0,0,0,0,0,0,0,1,0,0,0,0,0,0,0,0,0,1,0
11.0,70.0,70.0,5600.0,80,880.0,0,6.36,0,0,0,0,0,0,0,0,0,0,0,0,1,0,0,0,0,0,0,0,0,1,0,0,0,0,0,1
400.0,800.0,800.0,1600.0,2,800.0,0,2.0,0,1,0,0,0,0,0,0,0,0,1,0,0,0,0,0,0,0,0,0,0,1,0,0,0,0,0,1
12.0,104.0,104.0,2392.0,23,276.0,0,8.67,0,0,0,0,1,0,0,1,0,0,0,0,0,0,0,0,0,1,0,0,0,0,0,0,0,0,0,0
9.0,55.0,60.0,19860.0,359,3231.0,0,6.15,0,0,0,0,0,1,0,0,0,0,0,1,0,0,0,0,0,0,0,0,0,0,1,0,0,0,1,0
400.0,1000.0,2000.0,139000.0,73,29200.0,96,4.76,0,0,0,0,0,0,0,0,0,0,1,0,0,0,0,0,0,1,0,0,0,0,0,0,0,1,0,0
18.3,100.0,180.0,4630.0,37,677.1,127,6.84,0,0,0,0,0,0,0,0,0,0,0,0,0,1,0,0,0,0,0,1,0,0,0,0,0,0,0,1
9.0,55.0,55.0,4950.0,90,810.0,220,6.11,0,0,0,0,1,0,0,0,0,0,0,1,0,0,0,0,0,0,0,0,0,0,1,0,0,0,0,1
400.0,2000.0,2400.0,6800.0,3,1200.0,18,5.67,0,0,0,0,1,0,0,0,0,0,1,0,0,0,0,0,0,1,0,0,0,0,0,0,0,0,0,1
18.3,120.0,180.0,116475.0,743,13596.9,288,8.57,0,0,0,0,0,0,0,0,0,0,0,0,0,1,0,0,1,0,0,0,0,0,0,0,0,0,0,1
400.0,2200.0,2200.0,13200.0,6,2400.0,0,5.5,0,0,0,0,0,0,0,0,0,0,1,0,0,0,0,0,0,1,0,0,0,0,0,0,0,0,1,0
9.0,60.0,65.0,2185.0,36,324.0,937,6.74,1,0,0,0,0,0,0,0,0,0,0,1,0,0,0,0,0,0,0,0,0,1,0,0,0,0,0,0
12.0,40.0,40.0,2040.0,51,612.0,0,3.33,0,1,0,0,0,0,0,1,0,0,0,0,0,0,0,0,0,1,0,0,0,0,0,0,0,1,0,0
12.0,90.0,120.0,23959.0,225,2700.0,743,8.87,0,0,0,0,0,0,0,1,0,0,0,0,0,0,0,0,0,1,0,0,0,0,0,0,0,0,1,0
3.0,10.0,10.0,10.0,1,3.0,0,3.33,0,1,0,0,0,0,0,0,0,0,0,0,0,0,0,0,0,0,0,0,0,0,1,0,0,0,0,1
12.0,56.0,110.0,10500.0,111,1332.0,918,7.88,0,0,0,0,0,0,0,1,0,0,0,0,0,0,0,0,0,1,0,0,0,0,0,0,0,0,0,0
9.0,50.0,50.0,100.0,2,18.0,358,5.56,0,0,0,0,1,0,0,0,0,0,0,1,0,0,0,0,0,0,0,0,0,1,0,0,0,0,0,0
18.3,100.0,200.0,167850.0,1093,20001.9,729,8.39,0,0,0,0,0,0,0,0,0,0,0,0,0,1,0,0,0,0,0,0,0,0,0,0,0,0,0,1
9.0,40.0,40.0,21600.0,540,4860.0,75,4.44,0,0,0,0,0,0,0,0,0,0,0,1,0,0,0,0,0,0,0,0,0,1,0,0,0,0,0,0
11.0,50.0,60.0,1600.0,30,330.0,1084,4.85,0,0,0,0,0,0,0,0,0,0,0,0,1,0,0,0,0,0,0,0,0,0,1,0,0,0,0,0
18.3,150.0,180.0,11250.0,70,1281.0,0,8.78,1,0,0,0,0,0,0,0,0,0,0,0,0,1,0,0,0,0,0,0,0,0,0,0,0,0,1,0
12.0,96.0,104.0,9576.0,98,1176.0,251,8.14,0,0,0,0,0,0,0,1,0,0,0,0,0,0,0,0,0,0,0,0,0,0,0,0,0,0,0,1
9.0,50.0,70.0,1470.0,23,207.0,362,7.1,0,0,0,0,0,0,0,0,0,0,0,1,0,0,0,0,0,0,0,0,0,0,1,0,0,0,0,1
18.3,140.0,140.0,280.0,2,36.6,211,7.65,0,0,0,0,0,0,0,0,0,0,0,0,0,1,0,0,0,0,0,1,0,0,0,0,0,0,0,0
9.0,45.0,45.0,4050.0,90,810.0,328,5.0,1,0,0,0,0,0,0,0,0,0,0,1,0,0,0,0,0,0,0,0,0,0,1,0,0,0,0,0
12.0,120.0,120.0,120.0,1,12.0,64,10.0,0,0,0,0,1,0,0,1,0,0,0,0,0,0,0,0,0,1,0,0,0,0,0,0,0,0,0,1
11.0,60.0,65.0,21040.0,336,3696.0,144,5.69,0,0,0,0,0,0,0,0,0,0,0,0,1,0,0,0,0,0,0,0,0,0,1,0,0,0,0,1
12.0,118.0,120.0,7448.0,63,756.0,1,9.85,0,0,0,0,0,0,0,1,0,0,0,0,0,0,0,0,0,0,0,0,0,0,0,0,0,0,0,1
9.0,65.0,75.0,845.0,12,108.0,50,7.82,1,0,0,0,0,0,0,0,0,0,0,1,0,0,0,0,0,0,0,0,0,1,0,0,0,0,1,0
18.3,160.0,180.0,26100.0,161,2946.3,0,8.86,0,0,0,0,1,0,0,0,0,0,0,0,0,1,0,0,0,0,0,0,0,0,0,0,0,0,0,1
18.3,110.0,200.0,39330.0,321,5874.3,430,6.7,0,0,0,0,0,0,0,0,0,0,0,0,0,1,0,0,0,0,0,1,0,0,0,0,0,0,0,1
11.0,60.0,70.0,34000.0,560,6160.0,0,5.52,0,0,0,0,0,0,0,0,0,0,0,0,1,0,0,0,0,0,0,0,0,0,1,0,0,0,0,1
18.3,200.0,220.0,3500.0,17,311.1,2,11.25,0,0,0,0,1,0,0,0,0,0,0,0,0,1,0,0,0,0,0,1,0,0,0,0,0,0,1,0
12.5,100.0,100.0,7000.0,70,875.0,0,8.0,0,0,0,0,0,0,0,0,0,0,0,0,0,0,1,0,0,0,0,0,0,0,0,0,0,0,0,1
400.0,1000.0,1000.0,7000.0,7,2800.0,5,2.5,0,0,0,0,0,0,0,0,0,0,1,0,0,0,0,0,0,1,0,0,0,0,0,0,0,0,0,0
12.0,80.0,128.0,97300.0,1028,12336.0,1258,7.89,0,0,0,0,0,0,0,1,0,0,0,0,0,0,0,0,0,1,0,0,0,0,0,0,0,0,1,0
400.0,1500.0,1500.0,1500.0,1,400.0,6,3.75,0,0,0,0,0,0,0,0,0,0,1,0,0,0,0,0,0,1,0,0,0,0,0,0,0,0,0,0
18.3,80.0,150.0,49550.0,428,7832.4,1338,6.33,0,0,0,0,0,0,0,0,0,0,0,0,0,1,0,0,0,1,0,0,0,0,0,0,0,1,0,0
9.0,50.0,50.0,700.0,14,126.0,61,5.56,0,0,0,0,0,0,0,0,0,0,0,1,0,0,0,0,0,0,0,0,0,1,0,0,0,0,0,0
9.0,50.0,60.0,2030.0,40,360.0,240,5.64,0,0,0,0,0,0,0,0,0,0,0,1,0,0,0,0,0,0,0,0,0,1,0,0,0,0,0,0
18.3,140.0,180.0,15160.0,39,713.7,736,21.24,0,0,0,0,0,0,0,0,0,0,0,0,0,1,0,0,0,0,0,0,0,0,0,0,0,0,0,1
400.0,500.0,500.0,1500.0,3,1200.0,0,1.25,0,1,0,0,0,0,0,0,0,0,1,0,0,0,0,0,1,0,0,0,0,0,0,0,0,0,0,1
9.0,50.0,60.0,9270.0,183,1647.0,800,5.63,0,0,0,0,0,0,0,0,0,0,0,1,0,0,0,0,0,0,0,0,1,0,0,0,0,0,0,0
9.0,10.0,10.0,10.0,1,9.0,0,1.11,0,1,0,0,0,0,0,0,0,0,0,1,0,0,0,0,0,0,0,0,0,0,1,0,0,0,0,1
18.3,190.0,230.0,78100.0,392,7173.6,106,10.89,0,0,0,0,0,0,0,0,0,0,0,0,0,1,0,0,0,0,0,0,0,0,0,0,0,0,0,1
12.0,112.0,120.0,2928.0,26,312.0,0,9.38,0,0,0,0,1,0,0,0,1,0,0,0,0,0,0,0,0,1,0,0,0,0,0,0,0,0,0,1
9.0,40.0,40.0,24000.0,600,5400.0,0,4.44,0,0,0,0,0,1,0,0,0,0,0,1,0,0,0,0,0,0,0,0,0,0,1,0,0,0,0,1
400.0,1000.0,1000.0,23000.0,23,9200.0,18,2.5,0,0,0,0,0,0,0,0,0,0,1,0,0,0,0,0,0,1,0,0,0,0,0,0,0,0,1,0
9.0,55.0,55.0,330.0,6,54.0,550,6.11,0,0,0,0,0,0,0,0,0,0,0,1,0,0,0,0,0,0,0,0,0,1,0,0,0,0,0,0
18.3,100.0,170.0,66900.0,418,7649.4,0,8.75,0,0,0,0,0,0,0,0,0,0,0,0,0,1,0,0,1,0,0,0,0,0,0,0,0,0,0,0
12.0,88.0,96.0,57344.0,640,7680.0,384,7.47,0,0,0,0,1,0,0,1,0,0,0,0,0,0,0,0,1,0,0,0,0,0,0,0,0,0,0,0
18.3,130.0,130.0,10010.0,77,1409.1,0,7.1,0,0,0,0,0,1,0,0,0,0,0,0,0,1,0,0,0,0,0,0,0,0,0,0,0,0,0,1
12.0,50.0,50.0,1450.0,29,348.0,0,4.17,1,0,0,0,0,0,0,1,0,0,0,0,0,0,0,0,1,0,0,0,0,0,0,0,0,0,1,0
9.0,50.0,50.0,200.0,4,36.0,194,5.56,0,0,0,0,0,0,0,0,0,0,0,1,0,0,0,0,0,0,0,0,0,0,0,1,0,0,0,0
12.0,60.0,112.0,42548.0,487,5844.0,2280,7.28,0,0,0,0,0,0,0,1,0,0,0,0,0,0,0,0,0,1,0,0,0,0,0,0,0,0,0,1
11.0,65.0,70.0,345.0,5,55.0,9,6.27,0,0,0,0,0,0,0,0,0,0,0,0,1,0,0,0,0,0,0,0,0,0,1,0,0,0,0,1
9.0,60.0,60.0,60.0,1,9.0,94,6.67,0,0,0,0,0,0,0,0,0,0,0,1,0,0,0,0,0,0,0,0,0,0,1,0,0,0,0,1
12.0,72.0,90.0,3950.0,51,612.0,0,6.45,1,0,0,0,0,0,0,1,0,0,0,0,0,0,0,0,0,1,0,0,0,0,0,0,0,0,0,1
400.0,1900.0,1900.0,15200.0,8,3200.0,39,4.75,0,0,0,0,0,0,0,0,0,0,1,0,0,0,0,0,0,1,0,0,0,0,0,0,0,0,0,1
12.0,128.0,168.0,47176.0,357,4284.0,1052,11.01,0,0,0,0,1,0,0,1,0,0,0,0,0,0,0,0,0,1,0,0,0,0,0,0,0,0,1,0
18.3,50.0,180.0,2860.0,22,402.6,335,7.1,0,0,0,0,0,0,0,0,0,0,0,0,0,1,0,0,0,0,0,1,0,0,0,0,0,0,0,0
18.3,120.0,150.0,8930.0,65,1189.5,1118,7.51,0,0,0,0,0,0,0,0,0,0,0,0,0,1,0,0,1,0,0,0,0,0,0,0,0,1,0,0
9.0,55.0,55.0,1540.0,28,252.0,1181,6.11,0,0,0,0,1,0,0,0,0,0,0,1,0,0,0,0,0,0,0,0,0,1,0,0,0,0,0,0
12.0,50.0,64.0,2194.0,42,504.0,0,4.35,1,0,0,0,0,0,0,1,0,0,0,0,0,0,0,0,1,0,0,0,0,0,0,0,0,0,0,1
12.0,60.0,108.0,11012.0,138,1656.0,550,6.65,0,0,0,0,0,0,0,1,0,0,0,0,0,0,0,0,0,1,0,0,0,0,0,0,0,0,1,0
18.3,140.0,140.0,6860.0,49,896.7,102,7.65,0,0,0,0,1,0,0,0,0,0,0,0,0,1,0,0,0,0,0,0,0,0,0,0,0,0,0,0
9.0,20.0,30.0,6650.0,330,2970.0,1358,2.24,0,0,0,0,0,0,0,0,0,0,0,1,0,0,0,0,0,0,0,0,0,0,1,0,0,0,0,0
12.0,108.0,120.0,157704.0,1382,16584.0,26,9.51,0,0,0,0,0,0,0,1,0,0,0,0,0,0,0,0,0,1,0,0,0,0,0,0,0,0,1,0
12.0,120.0,120.0,2400.0,20,240.0,196,10.0,0,0,0,0,0,0,0,1,0,0,0,0,0,0,0,0,1,0,0,0,0,0,0,0,0,0,1,0
18.3,180.0,200.0,2920.0,15,274.5,4,10.64,0,0,0,0,1,0,0,0,0,0,0,0,0,1,0,0,0,0,0,1,0,0,0,0,0,0,0,0
9.0,30.0,30.0,150.0,5,45.0,50,3.33,0,0,0,0,1,0,0,0,0,0,0,1,0,0,0,0,0,0,0,0,0,1,0,0,0,0,0,1
18.3,140.0,170.0,74860.0,446,8161.8,386,9.17,0,0,0,0,0,0,0,0,0,0,0,0,0,1,0,0,0,0,0,0,0,0,0,0,0,0,0,1
9.0,50.0,60.0,350.0,6,54.0,225,6.48,0,0,0,0,0,0,0,0,0,0,0,1,0,0,0,0,0,0,0,0,0,1,0,0,0,0,0,0
12.0,110.0,110.0,1320.0,12,144.0,286,9.17,0,0,0,0,0,0,0,1,0,0,0,0,0,0,0,0,1,0,0,0,0,0,0,0,0,0,1,0
18.3,180.0,180.0,3240.0,18,329.4,31,9.84,0,0,0,0,1,0,0,0,0,0,0,0,0,1,0,0,0,0,0,0,0,0,0,0,0,1,0,0
400.0,2000.0,2000.0,2000.0,1,400.0,22,5.0,0,0,0,0,0,0,0,0,0,0,1,0,0,0,0,0,1,0,0,0,0,0,0,0,0,0,0,0
9.0,15.0,15.0,30.0,2,18.0,1,1.67,0,1,0,0,0,0,0,0,0,0,0,1,0,0,0,0,0,0,0,0,0,0,1,0,0,0,0,0
18.3,130.0,200.0,4070.0,25,457.5,247,8.9,0,0,0,0,0,0,0,0,0,0,0,0,0,1,0,0,0,0,0,1,0,0,0,0,0,0,0,1
18.3,80.0,160.0,15738.0,131,2397.3,671,6.56,0,0,0,0,0,0,0,0,0,0,0,0,0,1,0,0,0,1,0,0,0,0,0,0,0,0,0,0
9.0,45.0,45.0,900.0,20,180.0,0,5.0,0,0,0,0,0,0,0,0,0,0,0,1,0,0,0,0,0,0,0,0,0,0,0,1,0,0,0,0
12.0,102.0,104.0,1558.0,15,180.0,350,8.66,0,0,0,0,0,0,0,1,0,0,0,0,0,0,0,0,0,0,0,0,0,0,0,0,0,0,0,1
9.0,50.0,60.0,210.0,4,36.0,87,5.83,0,0,0,0,0,0,0,0,0,0,0,1,0,0,0,0,0,0,0,0,0,0,1,0,0,0,0,1
18.3,150.0,200.0,23810.0,140,2562.0,564,9.29,0,0,0,0,0,0,0,0,0,0,0,0,0,1,0,0,0,0,0,0,0,0,0,0,0,0,0,1
18.3,170.0,180.0,1220.0,7,128.1,358,9.52,0,0,0,0,0,0,0,0,0,0,0,0,0,1,0,0,0,0,0,1,0,0,0,0,0,0,0,1
9.0,40.0,50.0,19700.0,488,4392.0,155,4.49,0,0,0,0,0,0,0,0,0,0,0,1,0,0,0,0,0,0,0,0,0,0,0,0,1,0,0,0
18.3,120.0,160.0,43810.0,322,5892.6,18,7.43,0,0,0,0,0,0,0,0,0,0,0,0,0,1,0,0,0,1,0,0,0,0,0,0,0,0,0,0
12.0,72.0,96.0,20784.0,254,3048.0,1406,6.82,0,0,0,0,0,0,0,1,0,0,0,0,0,0,0,0,0,1,0,0,0,0,0,0,0,0,0,0
18.3,100.0,100.0,35600.0,356,6514.8,0,5.46,0,0,0,0,0,1,0,0,0,0,0,0,0,1,0,0,0,0,0,1,0,0,0,0,0,0,1,0
12.0,112.0,128.0,13616.0,114,1368.0,14,9.95,0,0,0,0,1,0,0,1,0,0,0,0,0,0,0,0,0,1,0,0,0,0,0,0,0,0,0,1
12.0,72.0,84.0,684.0,9,108.0,31,6.33,1,0,0,0,0,0,0,1,0,0,0,0,0,0,0,0,1,0,0,0,0,0,0,0,0,0,0,1
12.0,72.0,120.0,63616.0,687,8244.0,3482,7.72,0,0,0,0,0,0,0,1,0,0,0,0,0,0,0,0,0,1,0,0,0,0,0,0,0,0,0,1
9.0,40.0,50.0,10975.0,268,2412.0,79,4.55,0,1,0,0,0,0,0,0,0,0,0,1,0,0,0,0,0,0,0,0,0,0,1,0,0,0,0,1
18.3,50.0,180.0,31520.0,207,3788.1,372,8.32,0,0,0,0,0,0,0,0,0,0,0,0,0,1,0,0,0,0,0,0,0,0,0,0,0,1,0,0
11.0,60.0,70.0,38750.0,640,7040.0,0,5.5,0,0,0,0,0,0,0,0,0,0,0,0,1,0,0,0,0,0,0,0,0,0,1,0,0,0,0,1
18.3,200.0,200.0,2200.0,11,201.3,266,10.93,0,0,0,0,1,0,0,0,0,0,0,0,0,1,0,0,0,0,0,1,0,0,0,0,0,0,0,0
12.0,120.0,120.0,2040.0,17,204.0,175,10.0,0,0,0,0,1,0,0,1,0,0,0,0,0,0,0,0,1,0,0,0,0,0,0,0,0,0,0,1
18.3,220.0,220.0,660.0,3,54.9,254,12.02,0,0,0,0,0,0,0,0,0,0,0,0,0,1,0,0,0,0,0,1,0,0,0,0,0,0,1,0
400.0,700.0,700.0,5600.0,8,3200.0,16,1.75,0,0,0,0,0,0,0,0,0,0,1,0,0,0,0,0,1,0,0,0,0,0,0,0,0,0,0,0
9.0,40.0,40.0,400.0,10,90.0,0,4.44,0,0,0,1,0,0,0,0,0,0,0,1,0,0,0,0,0,0,0,0,0,0,1,0,0,0,0,1
400.0,2000.0,2000.0,12000.0,6,2400.0,0,5.0,0,0,1,0,0,0,0,0,0,0,1,0,0,0,0,0,0,1,0,0,0,0,0,0,0,0,1,0
12.0,128.0,128.0,4608.0,36,432.0,220,10.67,0,0,0,0,1,0,0,1,0,0,0,0,0,0,0,0,1,0,0,0,0,0,0,0,0,0,0,1
12.0,50.0,70.0,3680.0,62,744.0,432,4.95,0,0,0,0,0,0,0,1,0,0,0,0,0,0,0,0,0,0,0,0,0,0,1,0,0,0,1,0
12.0,84.0,84.0,1932.0,23,276.0,0,7.0,1,0,0,0,0,0,0,1,0,0,0,0,0,0,0,0,0,1,0,0,0,0,0,0,0,0,1,0
9.0,40.0,40.0,24000.0,600,5400.0,0,4.44,0,0,0,0,0,1,0,0,0,0,0,1,0,0,0,0,0,0,0,0,0,0,1,0,0,0,0,1
9.0,40.0,60.0,8140.0,150,1350.0,432,6.03,0,0,0,0,0,0,0,0,0,0,0,1,0,0,0,0,0,0,0,0,0,1,0,0,0,1,0,0
9.0,15.0,60.0,20675.0,569,5121.0,2025,4.04,0,0,0,0,0,0,0,0,0,0,0,1,0,0,0,0,0,0,0,0,0,0,1,0,0,0,0,0
9.0,55.0,70.0,5045.0,78,702.0,0,7.19,0,0,0,0,1,0,0,0,0,0,0,1,0,0,0,0,0,0,0,0,0,0,1,0,0,0,0,1
18.3,110.0,160.0,5740.0,48,878.4,246,6.53,0,0,0,0,0,0,0,0,0,0,0,0,0,1,0,0,0,0,0,1,0,0,0,0,0,0,0,0
9.0,80.0,80.0,32000.0,400,3600.0,0,8.89,0,0,0,0,0,0,0,0,0,0,0,1,0,0,0,0,0,0,0,0,0,0,0,0,1,0,1,0
12.0,120.0,120.0,240.0,2,24.0,128,10.0,0,0,0,0,1,0,0,1,0,0,0,0,0,0,0,0,0,1,0,0,0,0,0,0,0,0,0,1
9.0,38.0,50.0,3485.0,89,801.0,241,4.35,1,0,0,0,0,0,0,0,0,0,0,1,0,0,0,0,0,0,0,0,0,1,0,0,0,0,0,0
12.0,80.0,120.0,32262.0,322,3864.0,0,8.35,0,0,0,1,0,0,0,1,0,0,0,0,0,0,0,0,0,1,0,0,0,0,0,0,0,0,0,1
400.0,1400.0,2000.0,114620.0,59,23600.0,44,4.86,0,0,0,0,0,0,0,0,0,0,1,0,0,0,0,0,0,1,0,0,0,0,0,0,0,0,1,0
9.0,40.0,50.0,30060.0,751,6759.0,0,4.45,0,0,0,0,0,1,0,0,0,0,0,1,0,0,0,0,0,0,0,0,0,0,1,0,0,0,0,1
18.3,140.0,140.0,6580.0,47,860.1,349,7.65,0,0,0,0,1,0,0,0,0,0,0,0,0,1,0,0,0,0,0,0,0,0,0,0,0,0,0,0
9.0,40.0,50.0,1410.0,35,315.0,57,4.48,0,1,0,0,0,0,0,0,0,0,0,1,0,0,0,0,0,0,0,0,0,0,1,0,0,0,0,1
12.0,72.0,120.0,118564.0,1313,15756.0,3482,7.53,0,0,0,0,0,0,0,1,0,0,0,0,0,0,0,0,0,1,0,0,0,0,0,0,0,0,0,1
3.0,18.0,18.0,3600.0,200,600.0,6400,6.0,0,0,0,0,0,0,0,0,0,0,0,0,0,0,0,0,1,0,0,0,0,0,0,0,0,0,0,0
12.0,40.0,120.0,3424.0,60,720.0,0,4.76,0,1,0,0,0,0,0,0,1,0,0,0,0,0,0,0,0,1,0,0,0,0,0,0,0,0,0,1
9.0,70.0,70.0,2100.0,30,270.0,11,7.78,1,0,0,0,0,0,0,0,0,0,0,1,0,0,0,0,0,0,0,0,0,1,0,0,0,0,1,0
9.0,40.0,40.0,7200.0,180,1620.0,0,4.44,0,0,0,0,0,1,0,0,0,0,0,1,0,0,0,0,0,0,0,0,0,0,0,1,0,0,0,1
9.0,50.0,50.0,100.0,2,18.0,90,5.56,0,0,0,0,1,0,0,0,0,0,0,1,0,0,0,0,0,0,0,0,1,0,0,0,0,0,0,0
12.0,60.0,64.0,440.0,7,84.0,27,5.24,1,0,0,0,0,0,0,1,0,0,0,0,0,0,0,0,0,1,0,0,0,0,0,0,0,0,0,1
3.0,5.0,5.0,5.0,1,3.0,1,1.67,0,1,0,0,0,0,0,0,0,0,0,0,0,0,0,0,0,0,0,0,0,0,1,0,0,0,0,1
9.0,50.0,60.0,505.0,9,81.0,105,6.23,1,0,0,0,0,0,0,0,0,0,0,1,0,0,0,0,0,0,0,0,0,1,0,0,0,1,0,0
11.0,60.0,60.0,3600.0,60,660.0,580,5.45,0,0,0,0,0,0,0,0,0,0,0,0,1,0,0,0,0,0,0,0,0,0,1,0,0,0,0,1
9.0,20.0,20.0,20.0,1,9.0,0,2.22,0,1,0,0,0,0,0,0,0,0,0,1,0,0,0,0,0,0,0,0,0,0,1,0,0,0,1,0
18.3,160.0,160.0,2560.0,16,292.8,569,8.74,0,0,0,0,1,0,0,0,0,0,0,0,0,1,0,0,0,0,0,0,0,0,0,0,0,0,0,0
12.0,60.0,112.0,23778.0,288,3456.0,1623,6.88,0,0,0,0,0,0,0,1,0,0,0,0,0,0,0,0,0,1,0,0,0,0,0,0,0,0,0,1
12.0,92.0,104.0,6248.0,64,768.0,64,8.14,0,0,0,0,1,0,0,1,0,0,0,0,0,0,0,0,1,0,0,0,0,0,0,0,0,0,0,0
18.3,140.0,160.0,40070.0,265,4849.5,404,8.26,0,0,0,0,1,0,0,0,0,0,0,0,0,1,0,0,0,0,0,0,0,0,0,0,0,0,1,0
12.0,40.0,64.0,4918.0,107,1284.0,313,3.83,1,0,0,0,0,0,0,1,0,0,0,0,0,0,0,0,0,1,0,0,0,0,0,0,0,0,0,0
18.3,100.0,100.0,400.0,4,73.2,0,5.46,1,0,0,0,0,0,0,0,0,0,0,0,0,1,0,0,0,0,0,0,0,0,0,0,0,0,0,0
12.0,72.0,78.0,3576.0,47,564.0,100,6.34,1,0,0,0,0,0,0,1,0,0,0,0,0,0,0,0,1,0,0,0,0,0,0,0,0,0,0,1
18.3,160.0,180.0,3390.0,20,366.0,2,9.26,0,0,0,0,1,0,0,0,0,0,0,0,0,1,0,0,0,0,0,1,0,0,0,0,0,0,0,1
400.0,500.0,500.0,2500.0,5,2000.0,6,1.25,0,0,0,0,0,0,0,0,0,0,1,0,0,0,0,0,0,1,0,0,0,0,0,0,0,0,0,0
18.3,200.0,200.0,1600.0,8,146.4,205,10.93,0,0,0,0,1,0,0,0,0,0,0,0,0,1,0,0,0,0,0,1,0,0,0,0,0,0,0,0
9.0,20.0,20.0,20.0,1,9.0,0,2.22,0,1,0,0,0,0,0,0,0,0,0,1,0,0,0,0,0,0,0,0,0,0,1,0,0,0,0,1
18.3,150.0,150.0,450.0,3,54.9,53,8.2,0,0,0,0,1,0,0,0,0,0,0,0,0,1,0,0,0,1,0,0,0,0,0,0,0,0,0,0
18.3,140.0,160.0,24660.0,169,3092.7,2290,7.97,0,0,0,0,1,0,0,0,0,0,0,0,0,1,0,0,0,0,0,0,0,0,0,0,0,0,0,0
12.0,108.0,108.0,648.0,6,72.0,190,9.0,0,0,0,0,1,0,0,0,1,0,0,0,0,0,0,0,0,1,0,0,0,0,0,0,0,0,1,0
18.3,180.0,200.0,83885.0,448,8198.4,0,10.23,0,0,0,0,1,0,0,0,0,0,0,0,0,1,0,0,0,1,0,0,0,0,0,0,0,0,1,0
11.0,70.0,80.0,4165.0,59,649.0,308,6.42,0,0,0,0,0,0,0,0,0,0,0,0,1,0,0,0,0,0,0,0,0,1,0,0,0,0,1,0
18.3,100.0,140.0,1080.0,9,164.7,350,6.56,0,0,0,0,0,0,0,0,0,0,0,0,0,1,0,0,0,0,0,1,0,0,0,0,0,0,0,0
12.0,50.0,104.0,84954.0,985,11820.0,1195,7.19,0,0,0,0,0,0,0,1,0,0,0,0,0,0,0,0,0,1,0,0,0,0,0,0,0,1,0,0
400.0,500.0,500.0,500.0,1,400.0,0,1.25,0,1,0,0,0,0,0,0,0,0,1,0,0,0,0,0,0,0,0,0,0,0,1,0,0,0,0,1
9.0,40.0,50.0,500.0,12,108.0,33,4.63,0,0,0,0,0,0,0,0,0,0,0,1,0,0,0,0,0,0,0,0,0,0,0,1,0,0,0,0
400.0,600.0,700.0,5500.0,9,3600.0,5,1.53,0,0,0,0,0,0,0,0,0,0,1,0,0,0,0,0,0,1,0,0,0,0,0,0,0,0,1,0
400.0,2000.0,2000.0,2000.0,1,400.0,11,5.0,0,0,0,0,1,0,0,0,0,0,1,0,0,0,0,0,0,1,0,0,0,0,0,0,0,0,0,1
9.0,55.0,60.0,8870.0,161,1449.0,45,6.12,1,0,0,0,0,0,0,0,0,0,0,1,0,0,0,0,0,0,0,0,0,0,1,0,0,0,0,0
6.3,60.0,60.0,300.0,5,31.5,74,9.52,1,0,0,0,0,0,1,0,0,0,0,0,0,0,0,0,0,0,0,0,0,1,0,0,0,1,0,0
3.0,18.0,18.0,18.0,1,3.0,399,6.0,0,0,0,0,0,0,0,0,0,0,0,0,0,0,0,0,0,1,0,0,0,0,0,0,0,0,0,1
12.0,64.0,72.0,10160.0,145,1740.0,98,5.84,1,0,0,0,0,0,0,1,0,0,0,0,0,0,0,0,0,1,0,0,0,0,0,0,0,0,1,0
12.0,64.0,140.0,6660.0,99,1188.0,330,5.61,1,0,0,0,0,0,0,1,0,0,0,0,0,0,0,0,1,0,0,0,0,0,0,0,0,0,0,1
9.0,70.0,85.0,25125.0,325,2925.0,470,8.59,0,0,0,0,0,0,0,0,0,0,0,1,0,0,0,0,0,0,0,0,0,1,0,0,0,0,1,0
12.0,72.0,104.0,2724.0,33,396.0,0,6.88,0,0,0,0,0,1,0,1,0,0,0,0,0,0,0,0,0,1,0,0,0,0,0,0,0,0,0,1
18.3,90.0,160.0,10790.0,113,2067.9,415,5.22,0,0,0,0,0,0,0,0,0,0,0,0,0,1,0,0,0,0,0,1,0,0,0,0,0,0,0,0
18.3,100.0,150.0,6830.0,49,896.7,570,7.62,0,0,0,0,0,0,0,0,0,0,0,0,0,1,0,0,1,0,0,0,0,0,0,0,0,0,0,0
12.0,72.0,72.0,216.0,3,36.0,40,6.0,1,0,0,0,0,0,0,1,0,0,0,0,0,0,0,0,1,0,0,0,0,0,0,0,0,0,0,1
18.3,260.0,260.0,260.0,1,18.3,267,14.21,0,0,0,0,1,0,0,0,0,0,0,0,0,1,0,0,0,0,0,1,0,0,0,0,0,0,1,0
18.3,150.0,150.0,600.0,4,73.2,202,8.2,0,0,0,0,0,0,0,0,0,0,0,0,0,1,0,0,0,0,0,0,0,0,0,0,0,0,0,1
9.0,50.0,50.0,50.0,1,9.0,156,5.56,0,0,0,0,1,0,0,0,0,0,0,1,0,0,0,0,0,0,0,0,0,0,0,0,1,0,0,1
12.0,80.0,120.0,74423.0,812,9744.0,3795,7.64,0,0,0,0,0,0,0,1,0,0,0,0,0,0,0,0,0,1,0,0,0,0,0,0,0,0,0,1
18.3,50.0,160.0,30230.0,295,5398.5,576,5.6,0,0,0,0,0,0,0,0,0,0,0,0,0,1,0,0,0,0,0,0,0,0,0,0,0,0,0,0
18.3,200.0,200.0,9800.0,49,896.7,0,10.93,0,0,0,0,1,0,0,0,0,0,0,0,0,1,0,0,0,0,0,1,0,0,0,0,0,0,1,0
400.0,500.0,900.0,8000.0,12,4800.0,0,1.67,0,1,0,0,0,0,0,0,0,0,1,0,0,0,0,0,0,1,0,0,0,0,0,0,0,0,1,0
11.0,60.0,60.0,6600.0,110,1210.0,1119,5.45,0,0,0,0,0,0,0,0,0,0,0,0,1,0,0,0,0,0,0,0,0,0,1,0,0,0,0,1
9.0,50.0,70.0,35610.0,605,5445.0,2510,6.54,0,0,0,0,0,0,0,0,0,0,0,1,0,0,0,0,0,0,0,0,0,0,1,0,0,0,1,0
18.3,140.0,160.0,4940.0,35,640.5,700,7.71,0,0,0,0,0,0,0,0,0,0,0,0,0,1,0,0,0,0,0,1,0,0,0,0,0,0,0,0
9.0,65.0,70.0,13190.0,189,1701.0,140,7.75,0,0,0,0,0,0,0,0,0,0,0,1,0,0,0,0,0,0,0,0,0,1,0,0,0,0,0,0
12.0,96.0,104.0,8024.0,83,996.0,251,8.06,0,0,0,0,0,0,0,1,0,0,0,0,0,0,0,0,0,0,0,0,0,0,0,0,0,0,0,1
9.0,55.0,60.0,20700.0,360,3240.0,0,6.39,0,0,0,0,0,1,0,0,0,0,0,1,0,0,0,0,0,0,0,0,0,0,1,0,0,1,0,0
12.0,50.0,128.0,38608.0,323,3876.0,165,9.96,0,0,0,0,0,0,0,1,0,0,0,0,0,0,0,0,1,0,0,0,0,0,0,0,0,0,0,0
9.0,70.0,70.0,70.0,1,9.0,89,7.78,0,0,0,0,1,0,0,0,0,0,0,1,0,0,0,0,0,0,0,0,1,0,0,0,0,0,0,0
12.0,80.0,112.0,46760.0,554,6648.0,5662,7.03,0,0,0,0,0,0,0,1,0,0,0,0,0,0,0,0,0,1,0,0,0,0,0,0,0,0,0,0
9.0,60.0,70.0,1115.0,18,162.0,112,6.88,1,0,0,0,0,0,0,0,0,0,0,1,0,0,0,0,0,0,0,0,0,1,0,0,0,0,0,0
12.5,50.0,50.0,650.0,13,162.5,0,4.0,1,0,0,0,0,0,0,0,0,0,0,0,0,0,1,0,1,0,0,0,0,0,0,0,0,0,0,0
11.0,40.0,50.0,30390.0,753,8283.0,49,3.67,0,0,0,0,0,0,0,0,0,0,0,0,1,0,0,0,0,0,0,0,0,0,1,0,0,0,0,0
12.0,120.0,120.0,2040.0,17,204.0,776,10.0,0,0,0,0,1,0,0,0,1,0,0,0,0,0,0,0,0,1,0,0,0,0,0,0,0,0,1,0
9.0,55.0,60.0,10285.0,186,1674.0,33,6.14,0,0,0,0,0,0,0,0,0,0,0,1,0,0,0,0,0,0,0,0,0,0,1,0,0,0,0,1
12.0,80.0,120.0,32070.0,320,3840.0,0,8.35,0,0,0,1,0,0,0,1,0,0,0,0,0,0,0,0,0,1,0,0,0,0,0,0,0,0,0,1
12.0,60.0,80.0,2236.0,29,348.0,415,6.43,1,0,0,0,0,0,0,1,0,0,0,0,0,0,0,0,1,0,0,0,0,0,0,0,0,1,0,0
12.0,96.0,120.0,20352.0,202,2424.0,67,8.4,0,0,0,1,0,0,0,1,0,0,0,0,0,0,0,0,0,1,0,0,0,0,0,0,0,0,0,1
18.3,120.0,160.0,49600.0,408,7466.4,545,6.64,0,0,0,0,1,0,0,0,0,0,0,0,0,1,0,0,0,0,0,0,0,0,0,0,0,0,0,0
9.0,60.0,60.0,300.0,5,45.0,89,6.67,0,0,0,0,0,0,0,0,0,0,0,1,0,0,0,0,0,0,0,0,0,0,1,0,0,0,0,1
18.3,160.0,160.0,800.0,5,91.5,544,8.74,0,0,0,0,1,0,0,0,0,0,0,0,0,1,0,0,0,0,0,1,0,0,0,0,0,0,0,0
12.0,108.0,128.0,10024.0,89,1068.0,429,9.39,0,0,0,0,1,0,0,1,0,0,0,0,0,0,0,0,1,0,0,0,0,0,0,0,0,0,0,0
18.3,80.0,120.0,53480.0,651,11913.3,553,4.49,0,0,0,0,0,0,0,0,0,0,0,0,0,1,0,0,0,1,0,0,0,0,0,0,0,0,0,0
18.3,130.0,220.0,14190.0,96,1756.8,164,8.08,0,0,0,0,0,0,0,0,0,0,0,0,0,1,0,0,0,0,0,0,0,0,0,0,0,0,1,0
9.0,40.0,65.0,275.0,5,45.0,0,6.11,1,0,0,0,0,0,0,0,0,0,0,1,0,0,0,0,0,0,0,0,0,1,0,0,0,0,0,0
18.3,50.0,170.0,2630.0,31,567.3,120,4.64,0,0,0,0,0,0,0,0,0,0,0,0,0,1,0,0,0,0,0,1,0,0,0,0,0,0,0,1
9.0,80.0,90.0,2980.0,36,324.0,0,9.2,0,0,0,0,0,0,0,0,0,0,0,1,0,0,0,0,0,0,0,0,1,0,0,0,0,0,1,0
12.0,90.0,96.0,10422.0,112,1344.0,0,7.75,0,1,0,0,0,0,0,1,0,0,0,0,0,0,0,0,0,1,0,0,0,0,0,0,0,0,0,1
9.0,40.0,70.0,17930.0,338,3042.0,476,5.89,0,0,0,0,0,0,0,0,0,0,0,1,0,0,0,0,0,0,0,0,0,1,0,0,0,0,1,0
12.0,88.0,96.0,15712.0,164,1968.0,2128,7.98,0,0,0,0,0,0,0,1,0,0,0,0,0,0,0,0,0,1,0,0,0,0,0,0,0,0,0,1
18.3,170.0,200.0,29130.0,159,2909.7,86,10.01,0,0,0,0,1,0,0,0,0,0,0,0,0,1,0,0,0,0,0,1,0,0,0,0,0,0,0,1
9.0,60.0,60.0,840.0,14,126.0,9,6.67,0,0,0,0,0,0,0,0,0,0,0,1,0,0,0,0,0,0,0,0,0,1,0,0,0,0,0,1
18.3,150.0,160.0,1590.0,10,183.0,45,8.69,0,0,0,0,0,1,0,0,0,0,0,0,0,1,0,0,0,0,0,0,0,0,0,0,0,1,0,0
9.0,62.0,62.0,11160.0,180,1620.0,0,6.89,0,0,0,0,1,0,0,0,0,0,0,1,0,0,0,0,0,0,0,0,1,0,0,0,0,1,0,0
12.0,86.0,112.0,26456.0,276,3312.0,1585,7.99,0,0,0,0,0,0,0,1,0,0,0,0,0,0,0,0,0,1,0,0,0,0,0,0,0,0,0,1
18.3,180.0,190.0,5200.0,28,512.4,62,10.15,0,0,0,0,1,0,0,0,0,0,0,0,0,1,0,0,0,0,0,0,0,0,0,0,0,0,0,1
18.3,170.0,170.0,340.0,2,36.6,0,9.29,0,0,0,0,1,0,0,0,0,0,0,0,0,1,0,0,0,1,0,0,0,0,0,0,0,0,0,1
9.0,45.0,45.0,13500.0,300,2700.0,54,5.0,0,1,0,0,0,0,0,0,0,0,0,1,0,0,0,0,0,0,0,0,0,0,1,0,0,0,1,0
18.3,160.0,160.0,2240.0,14,256.2,450,8.74,0,0,0,0,0,0,0,0,0,0,0,0,0,1,0,0,0,0,0,0,0,0,0,0,0,1,0,0
9.0,40.0,65.0,19090.0,377,3393.0,669,5.63,0,0,0,0,0,0,0,0,0,0,0,1,0,0,0,0,0,0,0,0,0,1,0,0,0,0,0,1
12.0,80.0,112.0,23872.0,251,3012.0,3482,7.93,0,0,0,0,0,0,0,1,0,0,0,0,0,0,0,0,0,1,0,0,0,0,0,0,0,0,0,1
18.3,130.0,170.0,12190.0,82,1500.6,1072,8.12,0,0,0,0,1,0,0,0,0,0,0,0,0,1,0,0,0,0,0,1,0,0,0,0,0,0,0,0
9.0,38.0,50.0,6478.0,161,1449.0,597,4.47,1,0,0,0,0,0,0,0,0,0,0,1,0,0,0,0,0,0,0,0,0,1,0,0,0,0,0,0
9.0,50.0,60.0,4850.0,86,774.0,0,6.27,0,0,0,0,0,0,0,0,0,0,0,1,0,0,0,0,0,0,0,0,0,1,0,0,0,0,0,1
9.0,50.0,60.0,11614.0,223,2007.0,0,5.79,0,0,0,0,1,0,0,0,0,0,0,1,0,0,0,0,0,0,0,0,0,0,1,0,0,0,0,1
3.0,18.0,18.0,3600.0,200,600.0,700,6.0,0,0,0,0,0,0,0,0,0,0,0,0,0,0,0,0,0,1,0,0,0,0,0,0,0,0,0,1
400.0,1900.0,1900.0,3800.0,2,800.0,2,4.75,0,0,0,0,0,0,0,0,0,0,1,0,0,0,0,0,0,1,0,0,0,0,0,0,0,0,0,1
400.0,500.0,500.0,500.0,1,400.0,0,1.25,0,1,0,0,0,0,0,0,0,0,1,0,0,0,0,0,0,1,0,0,0,0,0,0,0,1,0,0
18.3,175.0,180.0,4490.0,25,457.5,26,9.81,0,0,0,0,1,0,0,0,0,0,0,0,0,1,0,0,0,0,0,1,0,0,0,0,0,0,0,1
18.3,100.0,160.0,32900.0,256,4684.8,2612,7.02,0,0,0,0,0,0,0,0,0,0,0,0,0,1,0,0,0,1,0,0,0,0,0,0,0,0,0,1
11.0,40.0,40.0,360.0,9,99.0,0,3.64,0,0,0,0,0,0,0,0,0,0,0,0,1,0,0,0,0,0,0,0,0,0,1,0,0,0,1,0
18.3,120.0,160.0,3020.0,21,384.3,1069,7.86,0,0,0,0,1,0,0,0,0,0,0,0,0,1,0,0,0,0,0,1,0,0,0,0,0,0,0,0
9.0,55.0,60.0,5860.0,106,954.0,614,6.14,0,0,0,0,0,1,0,0,0,0,0,1,0,0,0,0,0,0,0,0,0,1,0,0,0,0,0,0
9.0,60.0,65.0,1325.0,22,198.0,9,6.69,0,0,0,0,0,0,0,0,0,0,0,1,0,0,0,0,0,0,0,0,0,1,0,0,0,0,0,1
9.0,55.0,55.0,1650.0,30,270.0,1872,6.11,0,0,0,0,1,0,0,0,0,0,0,1,0,0,0,0,0,0,0,0,0,0,1,0,0,0,0,0
9.0,45.0,45.0,450.0,10,90.0,0,5.0,0,0,0,0,1,0,0,0,0,0,0,1,0,0,0,0,0,0,0,0,0,1,0,0,0,0,0,1
3.0,17.0,17.0,11900.0,700,2100.0,2200,5.67,0,0,0,0,1,0,0,0,0,0,0,0,0,0,0,0,0,1,0,0,0,0,0,0,0,0,0,0
12.0,96.0,120.0,30832.0,315,3780.0,954,8.16,0,0,0,0,1,0,0,1,0,0,0,0,0,0,0,0,0,1,0,0,0,0,0,0,0,1,0,0
9.0,50.0,60.0,10060.0,200,1800.0,303,5.59,0,0,0,0,0,0,0,0,0,0,0,1,0,0,0,0,0,0,0,0,0,1,0,0,0,0,0,0
9.0,50.0,60.0,2310.0,39,351.0,358,6.58,0,0,0,0,0,0,0,0,0,0,0,1,0,0,0,0,0,0,0,0,0,1,0,0,0,0,1,0
18.3,128.0,170.0,67050.0,463,8472.9,1417,7.91,0,0,0,0,1,0,0,0,0,0,0,0,0,1,0,0,0,0,0,0,0,0,0,0,0,0,0,0
18.3,110.0,170.0,28560.0,247,4520.1,450,6.32,0,0,0,0,0,0,0,0,0,0,0,0,0,1,0,0,0,0,0,1,0,0,0,0,0,0,0,1
11.0,60.0,70.0,34000.0,560,6160.0,0,5.52,0,0,0,0,0,0,0,0,0,0,0,0,1,0,0,0,0,0,0,0,0,0,1,0,0,0,0,1
11.0,50.0,80.0,375.0,6,66.0,138,5.68,0,0,0,0,0,0,0,0,0,0,0,0,1,0,0,0,0,0,0,0,0,1,0,0,0,0,1,0
12.0,96.0,128.0,48680.0,417,5004.0,340,9.73,0,0,0,0,0,0,0,1,0,0,0,0,0,0,0,0,0,1,0,0,0,0,0,0,0,0,1,0
18.3,140.0,140.0,140.0,1,18.3,55,7.65,0,0,0,0,1,0,0,0,0,0,0,0,0,1,0,0,1,0,0,0,0,0,0,0,0,0,0,0
3.0,5.0,5.0,500.0,100,300.0,0,1.67,0,1,0,0,0,0,0,0,0,0,0,0,0,0,0,0,0,1,0,0,0,0,0,0,0,0,0,1
18.3,130.0,165.0,56910.0,360,6588.0,338,8.64,0,0,0,0,0,0,0,0,0,0,0,0,0,1,0,0,1,0,0,0,0,0,0,0,0,0,0,1
18.3,130.0,130.0,3640.0,28,512.4,37,7.1,0,0,1,0,0,0,0,0,0,0,0,0,0,1,0,0,0,0,0,1,0,0,0,0,0,0,1,0
18.3,50.0,50.0,2200.0,44,805.2,0,2.73,0,0,1,0,0,0,0,0,0,0,0,0,0,1,0,0,0,0,0,1,0,0,0,0,0,0,0,0
12.0,40.0,64.0,1728.0,34,408.0,0,4.24,1,0,0,0,0,0,0,1,0,0,0,0,0,0,0,0,0,1,0,0,0,0,0,0,0,0,0,1
12.0,60.0,72.0,3672.0,61,732.0,62,5.02,1,0,0,0,0,0,0,1,0,0,0,0,0,0,0,0,1,0,0,0,0,0,0,0,0,0,0,0
18.3,220.0,220.0,660.0,3,54.9,627,12.02,0,0,0,0,0,1,0,0,0,0,0,0,0,1,0,0,0,0,0,1,0,0,0,0,0,0,1,0
12.0,100.0,140.0,7734.0,63,756.0,2865,10.23,0,0,0,0,0,0,0,1,0,0,0,0,0,0,0,0,0,1,0,0,0,0,0,0,0,0,1,0
400.0,500.0,500.0,1500.0,3,1200.0,0,1.25,0,1,0,0,0,0,0,0,0,0,1,0,0,0,0,0,1,0,0,0,0,0,0,0,0,0,0,1
18.3,80.0,120.0,280.0,3,54.9,213,5.1,0,0,0,0,0,0,0,0,0,0,0,0,0,1,0,0,1,0,0,0,0,0,0,0,0,0,0,1
11.0,80.0,80.0,560.0,7,77.0,73,7.27,0,0,0,0,0,0,0,0,0,0,0,0,1,0,0,0,0,0,0,0,0,0,1,0,0,0,1,0
9.0,40.0,55.0,3935.0,98,882.0,0,4.46,1,0,0,0,0,0,0,0,0,0,0,1,0,0,0,0,0,0,0,0,0,0,1,0,0,0,0,1
12.0,120.0,120.0,960.0,8,96.0,109,10.0,0,0,0,0,1,0,0,0,1,0,0,0,0,0,0,0,1,0,0,0,0,0,0,0,0,0,0,1
12.0,84.0,102.0,24216.0,286,3432.0,4,7.06,0,0,0,0,1,0,0,0,1,0,0,0,0,0,0,0,0,1,0,0,0,0,0,0,0,0,0,0
18.3,100.0,120.0,15340.0,130,2379.0,1631,6.45,0,0,0,0,0,0,0,0,0,0,0,0,0,1,0,0,1,0,0,0,0,0,0,0,0,0,0,0
18.3,200.0,200.0,400.0,2,36.6,0,10.93,0,0,0,0,1,0,0,0,0,0,0,0,0,1,0,0,0,0,0,1,0,0,0,0,0,0,1,0
9.0,50.0,70.0,42369.0,810,7290.0,0,5.81,0,0,0,0,1,0,0,0,0,0,0,1,0,0,0,0,0,0,0,0,0,0,1,0,0,0,0,1
18.3,170.0,170.0,1700.0,10,183.0,12,9.29,0,0,0,0,1,0,0,0,0,0,0,0,0,1,0,0,0,0,0,1,0,0,0,0,0,1,0,0
12.0,60.0,128.0,152174.0,1820,21840.0,3505,6.97,0,0,0,0,0,0,0,1,0,0,0,0,0,0,0,0,0,1,0,0,0,0,0,0,0,0,0,0
9.0,40.0,60.0,3270.0,72,648.0,1081,5.05,0,0,0,0,0,0,0,0,0,0,0,1,0,0,0,0,0,0,0,0,0,0,0,0,1,0,0,0
9.0,60.0,70.0,9835.0,155,1395.0,94,7.05,0,0,0,0,1,0,0,0,0,0,0,1,0,0,0,0,0,0,0,0,0,0,1,0,0,0,0,1
18.3,140.0,140.0,140.0,1,18.3,2,7.65,0,0,0,0,1,0,0,0,0,0,0,0,0,1,0,0,0,1,0,0,0,0,0,0,0,0,0,1
18.3,160.0,170.0,15890.0,98,1793.4,72,8.86,0,0,0,0,1,0,0,0,0,0,0,0,0,1,0,0,0,0,0,1,0,0,0,0,0,0,0,0
18.3,200.0,250.0,96260.0,466,8527.8,280,11.29,0,0,0,0,0,0,0,0,0,0,0,0,0,1,0,0,0,0,0,0,0,0,0,0,0,0,1,0
12.0,40.0,128.0,7744.0,108,1296.0,0,5.98,0,1,0,0,0,0,0,1,0,0,0,0,0,0,0,0,1,0,0,0,0,0,0,0,0,0,0,1
9.0,60.0,60.0,60.0,1,9.0,367,6.67,0,0,0,0,0,0,0,0,0,0,0,1,0,0,0,0,0,0,0,0,0,1,0,0,0,0,0,1
9.0,60.0,60.0,6000.0,100,900.0,0,6.67,0,0,0,0,0,0,0,0,0,0,0,1,0,0,0,0,0,0,0,0,1,0,0,0,0,0,0,1
12.0,56.0,102.0,22692.0,280,3360.0,800,6.75,0,0,0,0,0,0,0,1,0,0,0,0,0,0,0,0,0,1,0,0,0,0,0,0,0,0,0,0
18.3,130.0,140.0,10870.0,81,1482.3,0,7.33,0,0,0,0,1,0,0,0,0,0,0,0,0,1,0,0,0,1,0,0,0,0,0,0,0,0,1,0
12.0,88.0,120.0,7124.0,79,948.0,722,7.51,0,0,0,0,0,0,0,1,0,0,0,0,0,0,0,0,1,0,0,0,0,0,0,0,0,0,0,1
18.3,160.0,200.0,99710.0,592,10833.6,1329,9.2,0,0,0,0,0,0,0,0,0,0,0,0,0,1,0,0,0,0,0,0,0,0,0,0,0,0,0,0
18.3,100.0,180.0,27550.0,173,3165.9,198,8.7,0,0,0,0,0,0,0,0,0,0,0,0,0,1,0,0,0,0,0,0,0,0,0,0,0,0,0,0
18.3,10.0,10.0,20.0,2,36.6,0,0.55,0,0,0,0,0,0,0,0,0,0,0,0,0,1,0,0,0,0,0,0,0,0,0,0,1,0,0,0
18.3,140.0,140.0,140.0,1,18.3,111,7.65,0,0,0,0,0,1,0,0,0,0,0,0,0,1,0,0,0,1,0,0,0,0,0,0,0,1,0,0
12.0,96.0,102.0,1092.0,11,132.0,107,8.27,0,0,0,0,1,0,0,0,1,0,0,0,0,0,0,0,0,1,0,0,0,0,0,0,0,0,0,0
18.3,80.0,160.0,12270.0,134,2452.2,1898,5.0,0,0,0,0,0,0,0,0,0,0,0,0,0,1,0,0,0,0,0,0,0,0,0,0,0,0,0,0
12.0,102.0,102.0,102.0,1,12.0,0,8.5,0,0,0,0,1,0,0,1,0,0,0,0,0,0,0,0,0,1,0,0,0,0,0,0,0,0,0,0
18.3,120.0,160.0,5680.0,42,768.6,1234,7.39,0,0,0,0,0,0,0,0,0,0,0,0,0,1,0,0,1,0,0,0,0,0,0,0,0,0,0,0
9.0,60.0,70.0,6840.0,113,1017.0,267,6.73,0,0,0,0,0,0,0,0,0,0,0,1,0,0,0,0,0,0,0,0,1,0,0,0,0,0,0,1
9.0,60.0,60.0,600.0,10,90.0,64,6.67,0,0,0,0,0,0,0,0,0,0,0,1,0,0,0,0,0,0,0,0,1,0,0,0,0,0,0,1
12.0,60.0,120.0,174832.0,1797,21564.0,1022,8.11,0,0,0,0,0,0,0,1,0,0,0,0,0,0,0,0,0,1,0,0,0,0,0,0,0,0,0,0
12.0,40.0,40.0,120.0,3,36.0,0,3.33,1,0,0,0,0,0,0,1,0,0,0,0,0,0,0,0,0,1,0,0,0,0,0,0,0,0,0,1
12.0,84.0,84.0,3612.0,43,516.0,16,7.0,0,0,0,0,0,1,0,0,1,0,0,0,0,0,0,0,0,1,0,0,0,0,0,0,0,0,0,0
9.0,35.0,70.0,23500.0,548,4932.0,219,4.76,0,0,0,0,0,0,0,0,0,0,0,1,0,0,0,0,0,0,0,0,0,0,1,0,0,0,1,0
400.0,1800.0,1800.0,55800.0,31,12400.0,58,4.5,0,0,0,0,0,0,0,0,0,0,1,0,0,0,0,0,0,1,0,0,0,0,0,0,0,0,0,1
12.0,80.0,120.0,66240.0,756,9072.0,175,7.3,0,0,0,0,0,0,0,1,0,0,0,0,0,0,0,0,1,0,0,0,0,0,0,0,0,0,0,1
12.0,84.0,84.0,588.0,7,84.0,0,7.0,0,0,0,0,0,0,0,0,1,0,0,0,0,0,0,0,0,1,0,0,0,0,0,0,0,0,0,1
18.3,170.0,180.0,530.0,3,54.9,43,9.65,0,0,0,0,1,0,0,0,0,0,0,0,0,1,0,0,0,0,0,1,0,0,0,0,0,0,0,1
12.0,35.0,92.0,35748.0,396,4752.0,0,7.52,0,1,0,0,0,0,0,1,0,0,0,0,0,0,0,0,0,1,0,0,0,0,0,0,0,0,0,1
9.0,58.0,58.0,5220.0,90,810.0,0,6.44,0,0,0,0,1,0,0,0,0,0,0,1,0,0,0,0,0,0,0,0,0,1,0,0,0,1,0,0
18.3,60.0,190.0,2840.0,16,292.8,11,9.7,0,0,0,0,0,0,0,0,0,0,0,0,0,1,0,0,0,0,0,1,0,0,0,0,0,0,0,1
12.0,96.0,128.0,5120.0,41,492.0,178,10.41,0,0,0,0,1,0,0,1,0,0,0,0,0,0,0,0,1,0,0,0,0,0,0,0,0,0,0,1
9.0,40.0,55.0,4340.0,86,774.0,2234,5.61,0,0,0,0,0,0,0,0,0,0,0,1,0,0,0,0,0,0,0,0,0,0,1,0,0,0,0,0
18.3,130.0,170.0,183900.0,1332,24375.6,1861,7.54,0,0,0,0,0,0,0,0,0,0,0,0,0,1,0,0,0,1,0,0,0,0,0,0,0,0,1,0
9.0,50.0,60.0,430.0,8,72.0,40,5.97,0,0,0,0,0,0,0,0,0,0,0,1,0,0,0,0,0,0,0,0,1,0,0,0,0,0,1,0
9.0,60.0,70.0,5680.0,94,846.0,5,6.71,0,0,0,0,1,0,0,0,0,0,0,1,0,0,0,0,0,0,0,0,0,0,1,0,0,0,0,1
18.3,140.0,220.0,12410.0,78,1427.4,353,8.69,0,0,0,0,0,0,0,0,0,0,0,0,0,1,0,0,0,0,0,1,0,0,0,0,0,0,0,1
18.3,140.0,140.0,2100.0,15,274.5,334,7.65,0,0,0,0,1,0,0,0,0,0,0,0,0,1,0,0,0,0,0,0,0,0,0,0,0,0,0,0
9.0,30.0,30.0,21060.0,702,6318.0,1308,3.33,0,0,0,0,0,0,0,0,0,0,0,1,0,0,0,0,0,0,0,0,0,0,1,0,0,0,0,0
18.3,200.0,250.0,26230.0,115,2104.5,211,12.46,0,0,0,0,0,0,0,0,0,0,0,0,0,1,0,0,0,0,0,0,0,0,0,0,0,0,1,0
12.0,72.0,104.0,5300.0,59,708.0,0,7.49,0,0,0,0,0,1,0,1,0,0,0,0,0,0,0,0,0,1,0,0,0,0,0,0,0,0,0,1
9.0,60.0,65.0,5910.0,98,882.0,121,6.7,1,0,0,0,0,0,0,0,0,0,0,1,0,0,0,0,0,0,0,0,0,1,0,0,0,0,0,1
9.0,55.0,65.0,1275.0,21,189.0,13,6.75,1,0,0,0,0,0,0,0,0,0,0,1,0,0,0,0,0,0,0,0,0,1,0,0,0,0,0,0
3.0,5.0,5.0,5.0,1,3.0,0,1.67,0,1,0,0,0,0,0,0,0,0,0,0,0,0,0,0,0,0,0,0,0,0,1,0,0,0,0,1
18.3,140.0,160.0,6520.0,44,805.2,580,8.1,0,0,0,0,0,0,0,0,0,0,0,0,0,1,0,0,1,0,0,0,0,0,0,0,0,1,0,0
12.0,84.0,96.0,16056.0,170,2040.0,112,7.87,0,0,0,0,0,0,0,1,0,0,0,0,0,0,0,0,1,0,0,0,0,0,0,0,0,0,0,1
400.0,2000.0,2000.0,2000.0,1,400.0,0,5.0,0,0,0,0,0,0,0,0,0,0,1,0,0,0,0,0,0,1,0,0,0,0,0,0,0,0,1,0
9.0,55.0,55.0,110.0,2,18.0,202,6.11,0,0,0,0,1,0,0,0,0,0,0,1,0,0,0,0,0,0,0,0,0,0,1,0,0,1,0,0
12.0,96.0,104.0,15632.0,157,1884.0,366,8.3,0,0,0,0,1,0,0,1,0,0,0,0,0,0,0,0,0,1,0,0,0,0,0,0,0,0,0,0
9.0,30.0,30.0,2820.0,94,846.0,275,3.33,0,0,0,0,1,0,0,0,0,0,0,1,0,0,0,0,0,0,0,0,0,0,1,0,0,0,0,0
9.0,40.0,60.0,1055.0,19,171.0,45,6.17,0,0,0,0,0,0,0,0,0,0,0,1,0,0,0,0,0,0,0,0,1,0,0,0,0,0,0,1
9.0,50.0,70.0,11150.0,173,1557.0,134,7.16,0,0,0,0,0,0,0,0,0,0,0,1,0,0,0,0,0,0,0,0,1,0,0,0,0,1,0,0
12.0,80.0,96.0,14152.0,171,2052.0,254,6.9,0,0,0,0,0,0,0,1,0,0,0,0,0,0,0,0,1,0,0,0,0,0,0,0,0,0,0,1
400.0,15.0,1200.0,1700.0,2,800.0,0,2.12,0,1,0,0,0,0,0,0,0,0,1,0,0,0,0,0,0,1,0,0,0,0,0,0,0,0,0,1
12.0,40.0,64.0,1728.0,34,408.0,0,4.24,1,0,0,0,0,0,0,1,0,0,0,0,0,0,0,0,0,1,0,0,0,0,0,0,0,0,0,1
400.0,600.0,2000.0,360800.0,184,73600.0,95,4.9,0,0,0,0,0,0,0,0,0,0,1,0,0,0,0,0,0,1,0,0,0,0,0,0,0,0,0,1
18.3,160.0,180.0,31730.0,186,3403.8,891,9.32,0,0,0,0,0,0,0,0,0,0,0,0,0,1,0,0,1,0,0,0,0,0,0,0,0,0,1,0
9.0,40.0,60.0,10535.0,233,2097.0,769,5.02,0,0,0,0,0,0,0,0,0,0,0,1,0,0,0,0,0,0,0,0,0,1,0,0,0,0,0,0
18.3,110.0,160.0,182820.0,1400,25620.0,2958,7.14,0,0,0,0,0,0,0,0,0,0,0,0,0,1,0,0,0,1,0,0,0,0,0,0,0,0,0,1
12.0,70.0,70.0,2660.0,38,456.0,0,5.83,0,0,0,0,1,0,0,1,0,0,0,0,0,0,0,0,1,0,0,0,0,0,0,0,0,0,0,0
9.0,40.0,40.0,40.0,1,9.0,57,4.44,0,1,0,0,0,0,0,0,0,0,0,1,0,0,0,0,0,0,0,0,0,0,1,0,0,0,0,1
400.0,2200.0,2200.0,143000.0,65,26000.0,3,5.5,0,0,0,0,0,0,0,0,0,0,1,0,0,0,0,0,0,1,0,0,0,0,0,0,0,0,1,0
18.3,140.0,150.0,72800.0,504,9223.2,0,7.89,0,0,0,0,0,0,0,0,0,0,0,0,0,1,0,0,0,1,0,0,0,0,0,0,0,0,0,0
12.0,80.0,96.0,15232.0,180,2160.0,31,7.05,0,0,0,0,0,0,0,1,0,0,0,0,0,0,0,0,0,0,0,0,0,0,0,0,0,0,0,1
6.3,10.0,10.0,10.0,1,6.3,0,1.59,0,1,0,0,0,0,1,0,0,0,0,0,0,0,0,0,0,0,0,0,0,0,1,0,0,0,0,0
9.0,65.0,70.0,4790.0,72,648.0,28,7.39,0,0,0,0,0,0,0,0,0,0,0,1,0,0,0,0,0,0,0,0,0,0,0,0,1,0,0,1
12.0,96.0,120.0,6280.0,58,696.0,1066,9.02,0,0,0,0,0,0,0,1,0,0,0,0,0,0,0,0,1,0,0,0,0,0,0,0,0,0,0,0
12.0,60.0,90.0,86452.0,1216,14592.0,0,5.92,0,0,0,1,0,0,0,1,0,0,0,0,0,0,0,0,0,1,0,0,0,0,0,0,0,0,0,1
9.0,40.0,40.0,10800.0,270,2430.0,0,4.44,0,0,0,0,0,0,0,0,0,0,0,1,0,0,0,0,0,0,0,0,0,0,0,0,1,0,0,0
6.3,65.0,65.0,65.0,1,6.3,79,10.32,1,0,0,0,0,0,1,0,0,0,0,0,0,0,0,0,0,0,0,0,0,1,0,0,0,1,0,0
12.0,40.0,128.0,9184.0,128,1536.0,0,5.98,0,1,0,0,0,0,0,1,0,0,0,0,0,0,0,0,1,0,0,0,0,0,0,0,0,0,0,1
11.0,50.0,65.0,2370.0,42,462.0,402,5.13,0,0,0,0,0,0,0,0,0,0,0,0,1,0,0,0,0,0,0,0,0,0,1,0,0,0,0,0
3.0,18.0,18.0,3600.0,200,600.0,700,6.0,0,0,0,0,0,0,0,0,0,0,0,0,0,0,0,0,0,1,0,0,0,0,0,0,0,0,0,1
9.0,55.0,55.0,2035.0,37,333.0,2054,6.11,0,0,0,0,1,0,0,0,0,0,0,1,0,0,0,0,0,0,0,0,0,0,1,0,0,0,0,0
18.3,160.0,180.0,5590.0,34,622.2,337,8.98,0,0,0,0,0,0,0,0,0,0,0,0,0,1,0,0,0,0,0,1,0,0,0,0,0,0,1,0
18.3,160.0,160.0,4640.0,29,530.7,1076,8.74,0,0,0,0,0,0,0,0,0,0,0,0,0,1,0,0,0,0,0,0,0,0,0,0,0,0,0,0
12.0,42.0,48.0,1242.0,29,348.0,0,3.57,1,0,0,0,0,0,0,1,0,0,0,0,0,0,0,0,1,0,0,0,0,0,0,0,0,0,0,1
3.0,5.0,5.0,500.0,100,300.0,0,1.67,0,1,0,0,0,0,0,0,0,0,0,0,0,0,0,0,0,1,0,0,0,0,0,0,0,0,0,1
12.0,70.0,70.0,4340.0,62,744.0,102,5.83,0,0,0,0,0,0,0,1,0,0,0,0,0,0,0,0,1,0,0,0,0,0,0,0,0,0,1,0
12.0,120.0,128.0,8288.0,69,828.0,262,10.01,0,0,0,0,1,0,0,1,0,0,0,0,0,0,0,0,1,0,0,0,0,0,0,0,0,0,0,0
18.3,65.0,90.0,11025.0,147,2690.1,98,4.1,0,0,0,0,1,0,0,0,0,0,0,0,0,1,0,0,0,0,0,0,0,0,0,0,0,0,0,0
9.0,50.0,55.0,1565.0,29,261.0,485,6.0,0,0,0,0,1,0,0,0,0,0,0,1,0,0,0,0,0,0,0,0,1,0,0,0,0,0,0,1
18.3,180.0,180.0,360.0,2,36.6,45,9.84,0,0,0,0,1,0,0,0,0,0,0,0,0,1,0,0,0,0,0,0,0,0,0,0,0,0,0,1
9.0,70.0,70.0,70.0,1,9.0,0,7.78,0,0,0,0,1,0,0,0,0,0,0,1,0,0,0,0,0,0,0,0,0,0,1,0,0,0,0,0
9.0,40.0,70.0,20165.0,454,4086.0,2086,4.94,0,0,0,0,0,0,0,0,0,0,0,1,0,0,0,0,0,0,0,0,0,0,1,0,0,0,0,1
18.3,100.0,140.0,32180.0,288,5270.4,2614,6.11,0,0,0,0,0,0,0,0,0,0,0,0,0,1,0,0,0,1,0,0,0,0,0,0,0,1,0,0
12.0,92.0,112.0,63088.0,648,7776.0,512,8.11,0,0,0,0,1,0,0,1,0,0,0,0,0,0,0,0,0,1,0,0,0,0,0,0,0,0,0,0
9.0,30.0,30.0,210.0,7,63.0,1,3.33,0,1,0,0,0,0,0,0,0,0,0,1,0,0,0,0,0,0,0,0,0,0,1,0,0,0,0,0
9.0,50.0,65.0,15880.0,307,2763.0,6,5.75,0,0,0,0,1,0,0,0,0,0,0,1,0,0,0,0,0,0,0,0,0,0,1,0,0,0,0,1
9.0,50.0,65.0,925.0,16,144.0,83,6.42,0,0,0,0,0,0,0,0,0,0,0,1,0,0,0,0,0,0,0,0,1,0,0,0,0,0,0,0
18.3,80.0,100.0,8500.0,106,1939.8,0,4.38,0,0,0,0,0,0,0,0,0,0,0,0,0,1,0,0,0,0,1,0,0,0,0,0,0,0,0,0
18.3,80.0,180.0,146230.0,1013,18537.9,153,7.89,0,0,0,0,1,0,0,0,0,0,0,0,0,1,0,0,0,0,0,1,0,0,0,0,0,0,1,0
18.3,160.0,200.0,39160.0,229,4190.7,832,9.34,0,0,0,0,0,0,0,0,0,0,0,0,0,1,0,0,0,0,0,0,0,0,0,0,0,0,0,1
12.0,100.0,120.0,1240.0,12,144.0,54,8.61,0,0,0,0,0,0,0,1,0,0,0,0,0,0,0,0,0,0,0,0,0,0,0,0,0,0,1,0
9.0,55.0,55.0,2585.0,47,423.0,313,6.11,0,0,0,0,1,0,0,0,0,0,0,1,0,0,0,0,0,0,0,0,0,0,1,0,0,0,0,1
12.0,60.0,108.0,4680.0,74,888.0,0,5.27,0,1,0,0,0,0,0,1,0,0,0,0,0,0,0,0,0,1,0,0,0,0,0,0,0,0,0,1
12.0,80.0,140.0,57762.0,643,7716.0,3139,7.49,0,0,0,0,0,0,0,1,0,0,0,0,0,0,0,0,0,1,0,0,0,0,0,0,0,0,0,1
9.0,55.0,55.0,1815.0,33,297.0,129,6.11,0,0,0,0,1,0,0,0,0,0,0,1,0,0,0,0,0,0,0,0,0,0,1,0,0,0,0,1
9.0,20.0,20.0,400.0,20,180.0,34,2.22,0,1,0,0,0,0,0,0,0,0,0,1,0,0,0,0,0,0,0,0,0,0,1,0,0,0,1,0
9.0,50.0,50.0,50.0,1,9.0,1456,5.56,0,0,0,0,1,0,0,0,0,0,0,1,0,0,0,0,0,0,0,0,0,0,1,0,0,0,0,0
9.0,50.0,60.0,6270.0,121,1089.0,113,5.76,1,0,0,0,0,0,0,0,0,0,0,1,0,0,0,0,0,0,0,0,0,1,0,0,0,0,0,1
18.3,120.0,120.0,240.0,2,36.6,49,6.56,0,0,0,0,1,0,0,0,0,0,0,0,0,1,0,0,0,0,0,1,0,0,0,0,0,0,0,1
18.3,100.0,160.0,122720.0,1004,18373.2,3552,6.68,0,0,0,0,0,0,0,0,0,0,0,0,0,1,0,0,0,1,0,0,0,0,0,0,0,0,0,1
12.0,80.0,120.0,57086.0,531,6372.0,1218,8.96,0,0,0,0,0,0,0,1,0,0,0,0,0,0,0,0,0,1,0,0,0,0,0,0,0,0,0,0
9.0,50.0,70.0,14984.0,281,2529.0,0,5.92,0,0,0,0,1,0,0,0,0,0,0,1,0,0,0,0,0,0,0,0,0,0,1,0,0,0,0,1
12.0,112.0,120.0,1072.0,9,108.0,109,9.93,0,0,0,0,1,0,0,0,1,0,0,0,0,0,0,0,1,0,0,0,0,0,0,0,0,0,0,1
18.3,180.0,200.0,15300.0,81,1482.3,575,10.32,0,0,0,0,0,0,0,0,0,0,0,0,0,1,0,0,0,0,0,0,0,0,0,0,0,0,1,0
12.0,60.0,72.0,744.0,12,144.0,43,5.17,1,0,0,0,0,0,0,1,0,0,0,0,0,0,0,0,1,0,0,0,0,0,0,0,0,0,0,1
12.0,104.0,120.0,25832.0,240,2880.0,1052,8.97,0,0,0,0,0,0,0,1,0,0,0,0,0,0,0,0,1,0,0,0,0,0,0,0,0,0,0,0
18.3,160.0,160.0,1600.0,10,183.0,605,8.74,0,0,0,0,1,0,0,0,0,0,0,0,0,1,0,0,0,0,0,1,0,0,0,0,0,0,0,0
12.0,108.0,108.0,756.0,7,84.0,46,9.0,0,0,0,0,0,0,0,1,0,0,0,0,0,0,0,0,1,0,0,0,0,0,0,0,0,0,0,0
18.3,160.0,160.0,8000.0,50,915.0,1,8.74,0,0,0,0,1,0,0,0,0,0,0,0,0,1,0,0,0,0,0,0,0,0,0,0,0,0,0,0
12.0,72.0,84.0,388.0,5,60.0,543,6.47,0,0,0,0,0,0,0,1,0,0,0,0,0,0,0,0,0,0,0,0,0,0,1,0,0,0,1,0
9.0,60.0,80.0,21760.0,360,3240.0,1906,6.72,0,0,0,0,0,0,0,0,0,0,0,1,0,0,0,0,0,0,0,0,0,0,1,0,0,0,1,0
9.0,50.0,50.0,500.0,10,90.0,190,5.56,0,0,0,0,0,1,0,0,0,0,0,1,0,0,0,0,0,0,0,0,0,0,1,0,0,0,0,1
9.0,60.0,70.0,6320.0,105,945.0,199,6.69,0,0,0,0,0,0,0,0,0,0,0,1,0,0,0,0,0,0,0,0,0,1,0,0,0,0,0,1
18.3,120.0,160.0,96880.0,805,14731.5,953,6.58,0,0,0,0,1,0,0,0,0,0,0,0,0,1,0,0,0,0,0,0,0,0,0,0,0,0,0,0
12.0,90.0,96.0,2448.0,26,312.0,247,7.85,0,0,0,0,0,0,0,0,1,0,0,0,0,0,0,0,0,1,0,0,0,0,0,0,0,0,0,1
9.0,30.0,50.0,9975.0,256,2304.0,1688,4.33,0,0,0,0,0,0,0,0,0,0,0,1,0,0,0,0,0,0,0,0,0,0,1,0,0,0,0,0
18.3,150.0,170.0,5770.0,38,695.4,792,8.3,0,0,0,0,0,0,0,0,0,0,0,0,0,1,0,0,1,0,0,0,0,0,0,0,0,0,1,0
11.0,10.0,10.0,30.0,3,33.0,0,0.91,0,1,0,0,0,0,0,0,0,0,0,0,1,0,0,0,0,0,0,0,0,0,1,0,0,0,0,0
18.3,140.0,160.0,117870.0,813,14877.9,151,7.92,0,0,0,0,1,0,0,0,0,0,0,0,0,1,0,0,0,0,0,1,0,0,0,0,0,0,1,0
9.0,60.0,70.0,27010.0,450,4050.0,0,6.67,0,0,0,0,1,0,0,0,0,0,0,1,0,0,0,0,0,0,0,0,0,0,1,0,0,0,0,0
12.0,54.0,72.0,990.0,18,216.0,514,4.58,1,0,0,0,0,0,0,1,0,0,0,0,0,0,0,0,0,1,0,0,0,0,0,0,0,0,0,0
12.0,128.0,128.0,8704.0,68,816.0,60,10.67,0,0,0,0,1,0,0,1,0,0,0,0,0,0,0,0,0,1,0,0,0,0,0,0,0,0,0,1
11.0,70.0,85.0,71795.0,960,10560.0,138,6.8,0,0,0,0,0,0,0,0,0,0,0,0,1,0,0,0,0,0,0,0,0,1,0,0,0,0,1,0
9.0,40.0,65.0,4480.0,86,774.0,0,5.79,1,0,0,0,0,0,0,0,0,0,0,1,0,0,0,0,0,0,0,0,0,0,1,0,0,0,0,0
400.0,2200.0,3300.0,59400.0,21,8400.0,0,7.07,0,0,0,0,0,0,0,0,0,0,1,0,0,0,0,0,0,1,0,0,0,0,0,0,0,0,1,0
12.0,112.0,120.0,5624.0,47,564.0,337,9.97,0,0,0,0,1,0,0,1,0,0,0,0,0,0,0,0,0,1,0,0,0,0,0,0,0,0,0,1
9.0,50.0,70.0,9785.0,180,1620.0,0,6.04,0,0,0,0,1,0,0,0,0,0,0,1,0,0,0,0,0,0,0,0,0,1,0,0,0,0,0,1
12.0,30.0,70.0,3410.0,68,816.0,51,4.18,1,0,0,0,0,0,0,1,0,0,0,0,0,0,0,0,1,0,0,0,0,0,0,0,0,0,0,1
18.3,100.0,120.0,1980.0,17,311.1,517,6.36,0,0,0,0,0,0,0,0,0,0,0,0,0,1,0,0,1,0,0,0,0,0,0,0,0,0,0,0
9.0,50.0,55.0,360.0,7,63.0,283,5.71,0,0,0,0,1,0,0,0,0,0,0,1,0,0,0,0,0,0,0,0,0,0,1,0,0,0,0,1
12.0,120.0,120.0,720.0,6,72.0,8,10.0,0,0,0,0,1,0,0,1,0,0,0,0,0,0,0,0,0,1,0,0,0,0,0,0,0,0,0,1
11.0,60.0,70.0,5090.0,84,924.0,640,5.51,0,0,0,0,0,0,0,0,0,0,0,0,1,0,0,0,0,0,0,0,0,1,0,0,0,0,0,0
9.0,40.0,55.0,2660.0,65,585.0,170,4.55,0,0,0,0,1,0,0,0,0,0,0,1,0,0,0,0,0,0,0,0,0,0,0,0,1,0,0,1
12.0,80.0,126.0,17340.0,160,1920.0,114,9.03,0,0,0,0,0,0,0,1,0,0,0,0,0,0,0,0,0,0,0,0,0,0,0,0,0,0,1,0
9.0,55.0,70.0,11265.0,178,1602.0,796,7.03,0,0,0,0,0,0,0,0,0,0,0,1,0,0,0,0,0,0,0,0,0,1,0,0,0,0,1,0
400.0,15.0,1200.0,1700.0,2,800.0,0,2.12,0,1,0,0,0,0,0,0,0,0,1,0,0,0,0,0,0,1,0,0,0,0,0,0,0,0,0,1
18.3,170.0,170.0,170.0,1,18.3,11,9.29,0,0,0,0,1,0,0,0,0,0,0,0,0,1,0,0,0,0,0,1,0,0,0,0,0,1,0,0
18.3,90.0,170.0,12490.0,79,1445.7,1819,8.64,0,0,0,0,0,0,0,0,0,0,0,0,0,1,0,0,0,0,0,0,0,0,0,0,0,0,0,0
12.0,96.0,112.0,95232.0,896,10752.0,0,8.86,0,0,1,0,0,0,0,1,0,0,0,0,0,0,0,0,0,1,0,0,0,0,0,0,0,0,1,0
9.0,50.0,60.0,8775.0,168,1512.0,792,5.8,0,0,0,0,0,0,0,0,0,0,0,1,0,0,0,0,0,0,0,0,0,1,0,0,0,0,0,0
9.0,40.0,45.0,2690.0,66,594.0,0,4.53,0,0,0,0,0,1,0,0,0,0,0,1,0,0,0,0,0,0,0,0,1,0,0,0,0,0,0,1
9.0,55.0,55.0,2750.0,50,450.0,126,6.11,0,0,0,0,0,0,0,0,0,0,0,1,0,0,0,0,0,0,0,0,0,0,1,0,0,0,0,1
400.0,300.0,400.0,700.0,2,800.0,0,0.88,0,0,0,0,0,0,0,0,0,0,1,0,0,0,0,0,0,0,0,0,0,0,1,0,0,0,1,0
12.0,50.0,104.0,15972.0,301,3612.0,602,4.42,0,0,0,0,0,0,0,1,0,0,0,0,0,0,0,0,0,1,0,0,0,0,0,0,0,0,0,1
12.5,130.0,130.0,260.0,2,25.0,67,10.4,0,0,0,0,0,0,0,0,0,0,0,0,0,0,1,0,1,0,0,0,0,0,0,0,0,0,1,0
18.3,180.0,180.0,9180.0,51,933.3,47,9.84,0,0,0,0,0,0,0,0,0,0,0,0,0,1,0,0,1,0,0,0,0,0,0,0,0,0,1,0
9.0,65.0,65.0,520.0,8,72.0,298,7.22,0,0,0,0,0,0,0,0,0,0,0,1,0,0,0,0,0,0,0,0,0,0,1,0,0,0,0,1
18.3,140.0,160.0,23640.0,160,2928.0,2272,8.07,0,0,0,0,1,0,0,0,0,0,0,0,0,1,0,0,0,0,0,1,0,0,0,0,0,0,0,0
9.0,30.0,50.0,760.0,21,189.0,2361,4.02,0,0,0,0,0,0,0,0,0,0,0,1,0,0,0,0,0,0,0,0,0,0,1,0,0,0,0,0
18.3,170.0,180.0,11000.0,64,1171.2,61,9.39,0,0,0,0,1,0,0,0,0,0,0,0,0,1,0,0,0,0,0,1,0,0,0,0,0,0,0,1
9.0,60.0,60.0,960.0,16,144.0,132,6.67,0,0,0,0,0,0,0,0,0,0,0,1,0,0,0,0,0,0,0,0,0,0,1,0,0,0,0,1
12.0,72.0,80.0,2568.0,34,408.0,45,6.29,1,0,0,0,0,0,0,1,0,0,0,0,0,0,0,0,1,0,0,0,0,0,0,0,0,0,1,0
18.3,120.0,140.0,14820.0,120,2196.0,870,6.75,0,0,0,0,0,0,0,0,0,0,0,0,0,1,0,0,0,1,0,0,0,0,0,0,0,0,0,0
11.0,60.0,70.0,24400.0,400,4400.0,0,5.55,0,0,0,0,0,0,0,0,0,0,0,0,1,0,0,0,0,0,0,0,0,0,1,0,0,0,0,1
12.0,72.0,72.0,432.0,6,72.0,44,6.0,1,0,0,0,0,0,0,1,0,0,0,0,0,0,0,0,0,1,0,0,0,0,0,0,0,0,0,0
9.0,50.0,60.0,480.0,9,81.0,57,5.93,1,0,0,0,0,0,0,0,0,0,0,1,0,0,0,0,0,0,0,0,0,1,0,0,0,0,0,1
9.0,55.0,55.0,4455.0,81,729.0,99,6.11,0,0,0,0,1,0,0,0,0,0,0,1,0,0,0,0,0,0,0,0,1,0,0,0,0,1,0,0
18.3,100.0,170.0,9730.0,68,1244.4,480,7.82,0,0,0,0,0,0,0,0,0,0,0,0,0,1,0,0,1,0,0,0,0,0,0,0,0,0,0,1
18.3,170.0,170.0,170.0,1,18.3,152,9.29,0,0,0,0,0,0,0,0,0,0,0,0,0,1,0,0,0,0,0,1,0,0,0,0,0,0,0,1
400.0,2300.0,2300.0,2300.0,1,400.0,12,5.75,0,0,0,0,1,0,0,0,0,0,1,0,0,0,0,0,0,1,0,0,0,0,0,0,0,0,0,1
9.0,58.0,60.0,1240.0,21,189.0,104,6.56,0,0,0,0,1,0,0,0,0,0,0,1,0,0,0,0,0,0,0,0,1,0,0,0,0,1,0,0
12.0,96.0,112.0,99032.0,930,11160.0,1107,8.87,0,0,0,0,0,0,0,1,0,0,0,0,0,0,0,0,0,1,0,0,0,0,0,0,0,0,0,0
400.0,1800.0,2000.0,57300.0,31,12400.0,47,4.62,0,0,0,0,0,0,0,0,0,0,1,0,0,0,0,0,0,1,0,0,0,0,0,0,0,1,0,0
9.0,50.0,50.0,350.0,7,63.0,303,5.56,0,0,0,0,1,0,0,0,0,0,0,1,0,0,0,0,0,0,0,0,1,0,0,0,0,0,0,1
9.0,50.0,50.0,2750.0,55,495.0,0,5.56,0,0,0,0,0,0,0,0,0,0,0,1,0,0,0,0,0,0,0,0,0,0,0,1,0,0,0,0
18.3,100.0,200.0,18800.0,124,2269.2,2025,8.28,0,0,0,0,0,0,0,0,0,0,0,0,0,1,0,0,0,0,0,0,0,0,0,0,0,0,0,0
11.0,40.0,40.0,280.0,7,77.0,138,3.64,0,0,0,0,0,0,0,0,0,0,0,0,1,0,0,0,0,0,0,0,0,1,0,0,0,0,1,0
12.0,84.0,102.0,10854.0,129,1548.0,488,7.01,0,0,0,0,1,0,0,0,1,0,0,0,0,0,0,0,0,1,0,0,0,0,0,0,0,0,0,0
12.0,60.0,112.0,19548.0,211,2532.0,1176,7.72,0,0,0,0,0,0,0,1,0,0,0,0,0,0,0,0,0,1,0,0,0,0,0,0,0,0,0,1
18.3,130.0,150.0,39160.0,296,5416.8,2610,7.23,0,0,0,0,0,0,0,0,0,0,0,0,0,1,0,0,0,1,0,0,0,0,0,0,0,0,0,1
18.3,160.0,170.0,4230.0,25,457.5,468,9.25,0,0,0,0,0,0,0,0,0,0,0,0,0,1,0,0,0,0,0,1,0,0,0,0,0,1,0,0
18.3,120.0,150.0,63790.0,487,8912.1,2958,7.16,0,0,0,0,0,0,0,0,0,0,0,0,0,1,0,0,0,1,0,0,0,0,0,0,0,0,0,1
18.3,100.0,170.0,19930.0,172,3147.6,595,6.33,0,0,0,0,0,0,0,0,0,0,0,0,0,1,0,0,0,0,0,0,0,0,0,0,0,0,0,0
18.3,180.0,180.0,180.0,1,18.3,45,9.84,0,0,0,0,1,0,0,0,0,0,0,0,0,1,0,0,0,0,0,1,0,0,0,0,0,0,0,1
12.0,120.0,120.0,2760.0,23,276.0,0,10.0,0,0,0,0,1,0,0,1,0,0,0,0,0,0,0,0,1,0,0,0,0,0,0,0,0,0,0,1
18.3,100.0,100.0,1300.0,13,237.9,52,5.46,0,0,0,0,1,0,0,0,0,0,0,0,0,1,0,0,0,0,0,0,0,0,0,0,0,1,0,0
9.0,30.0,50.0,1370.0,36,324.0,15,4.23,0,0,0,0,0,0,0,0,0,0,0,1,0,0,0,0,0,0,0,0,0,0,0,1,0,0,0,0
18.3,180.0,200.0,4100.0,21,384.3,120,10.67,0,0,0,0,0,0,0,0,0,0,0,0,0,1,0,0,0,0,0,0,0,0,0,0,0,0,1,0
11.0,60.0,70.0,15260.0,240,2640.0,0,5.78,0,0,0,0,0,0,0,0,0,0,0,0,1,0,0,0,0,0,0,0,0,1,0,0,0,0,0,1
18.3,140.0,160.0,87140.0,576,10540.8,0,8.27,0,0,0,0,1,0,0,0,0,0,0,0,0,1,0,0,0,0,0,0,0,0,0,0,0,0,1,0
18.3,130.0,130.0,650.0,5,91.5,152,7.1,0,0,0,0,0,0,0,0,0,0,0,0,0,1,0,0,1,0,0,0,0,0,0,0,0,0,1,0
9.0,40.0,50.0,11975.0,293,2637.0,57,4.54,0,1,0,0,0,0,0,0,0,0,0,1,0,0,0,0,0,0,0,0,0,0,1,0,0,0,0,1
12.0,92.0,112.0,36584.0,382,4584.0,66,7.98,0,0,0,0,1,0,0,1,0,0,0,0,0,0,0,0,1,0,0,0,0,0,0,0,0,0,0,0
12.0,72.0,84.0,684.0,9,108.0,31,6.33,1,0,0,0,0,0,0,1,0,0,0,0,0,0,0,0,1,0,0,0,0,0,0,0,0,0,0,1
9.0,60.0,60.0,120.0,2,18.0,212,6.67,0,0,0,0,0,0,0,0,0,0,0,1,0,0,0,0,0,0,0,0,1,0,0,0,0,1,0,0
400.0,600.0,2000.0,362800.0,185,74000.0,95,4.9,0,0,0,0,0,0,0,0,0,0,1,0,0,0,0,0,0,1,0,0,0,0,0,0,0,0,0,1
12.0,84.0,84.0,168.0,2,24.0,1088,7.0,0,0,0,0,0,0,0,1,0,0,0,0,0,0,0,0,0,0,0,0,0,0,1,0,0,0,1,0
12.0,50.0,80.0,3992.0,66,792.0,428,5.04,0,0,0,0,0,0,0,1,0,0,0,0,0,0,0,0,0,0,0,0,0,0,1,0,0,0,1,0
18.3,100.0,190.0,12940.0,93,1701.9,920,7.6,0,0,0,0,0,0,0,0,0,0,0,0,0,1,0,0,0,0,0,0,0,0,0,0,0,0,0,0
12.0,80.0,112.0,29990.0,339,4068.0,713,7.37,0,0,0,0,0,0,0,1,0,0,0,0,0,0,0,0,0,1,0,0,0,0,0,0,0,1,0,0
18.3,80.0,80.0,240.0,3,54.9,146,4.37,0,0,0,0,0,0,0,0,0,0,0,0,0,1,0,0,1,0,0,0,0,0,0,0,0,0,1,0
9.0,40.0,60.0,15905.0,358,3222.0,71,4.94,0,0,0,0,0,0,0,0,0,0,0,1,0,0,0,0,0,0,0,0,0,1,0,0,0,0,0,1
18.3,150.0,160.0,18300.0,115,2104.5,451,8.7,0,0,0,0,0,0,0,0,0,0,0,0,0,1,0,0,1,0,0,0,0,0,0,0,0,0,0,1
9.0,70.0,85.0,46245.0,589,5301.0,470,8.72,0,0,0,0,0,0,0,0,0,0,0,1,0,0,0,0,0,0,0,0,0,1,0,0,0,0,1,0
11.0,60.0,70.0,52690.0,771,8481.0,44,6.21,0,0,0,0,0,0,0,0,0,0,0,0,1,0,0,0,0,0,0,0,0,1,0,0,0,0,0,1
18.3,100.0,150.0,7990.0,55,1006.5,1052,7.94,0,0,0,0,0,0,0,0,0,0,0,0,0,1,0,0,1,0,0,0,0,0,0,0,0,0,0,0
18.3,150.0,180.0,28480.0,170,3111.0,914,9.15,0,0,0,0,0,0,0,0,0,0,0,0,0,1,0,0,1,0,0,0,0,0,0,0,0,0,1,0
12.0,50.0,50.0,400.0,8,96.0,70,4.17,1,0,0,0,0,0,0,1,0,0,0,0,0,0,0,0,0,1,0,0,0,0,0,0,0,0,0,0
18.3,132.0,200.0,21940.0,134,2452.2,1408,8.95,0,0,0,0,0,0,0,0,0,0,0,0,0,1,0,0,0,0,0,0,0,0,0,0,0,0,0,0
9.0,50.0,50.0,2000.0,40,360.0,160,5.56,0,0,0,0,0,0,0,0,0,0,0,1,0,0,0,0,0,0,0,0,0,0,1,0,0,0,0,1
400.0,1800.0,2000.0,88800.0,45,18000.0,0,4.93,0,0,0,0,0,0,0,0,0,0,1,0,0,0,0,0,0,1,0,0,0,0,0,0,0,1,0,0
12.0,92.0,120.0,55096.0,581,6972.0,489,7.9,0,0,0,0,0,0,0,1,0,0,0,0,0,0,0,0,1,0,0,0,0,0,0,0,0,0,0,0
9.0,40.0,65.0,20380.0,414,3726.0,51,5.47,0,0,0,0,0,0,0,0,0,0,0,1,0,0,0,0,0,0,0,0,1,0,0,0,0,0,0,1
18.3,200.0,250.0,9900.0,48,878.4,192,11.27,0,0,0,0,0,0,0,0,0,0,0,0,0,1,0,0,0,0,0,0,0,0,0,0,0,0,1,0
9.0,60.0,65.0,21825.0,360,3240.0,0,6.74,0,0,0,0,0,0,0,0,0,0,0,1,0,0,0,0,0,0,0,0,1,0,0,0,0,0,1,0
9.0,10.0,70.0,2515.0,38,342.0,118,7.35,0,0,0,0,0,0,0,0,0,0,0,1,0,0,0,0,0,0,0,0,0,0,1,0,0,0,1,0
18.3,100.0,200.0,39390.0,237,4337.1,253,9.08,0,0,0,0,0,0,0,0,0,0,0,0,0,1,0,0,0,0,0,0,0,0,0,0,0,0,0,1
9.0,50.0,80.0,10380.0,162,1458.0,545,7.12,0,0,0,0,0,0,0,0,0,0,0,1,0,0,0,0,0,0,0,0,0,0,1,0,0,0,1,0
12.0,35.0,120.0,6982.0,120,1440.0,18,4.85,0,0,0,0,0,0,0,1,0,0,0,0,0,0,0,0,0,0,0,0,0,0,1,0,0,0,1,0
18.3,200.0,250.0,4170.0,20,366.0,45,11.39,0,0,0,0,0,0,0,0,0,0,0,0,0,1,0,0,0,0,0,1,0,0,0,0,0,0,1,0
11.0,75.0,80.0,18700.0,234,2574.0,144,7.26,0,0,0,0,0,0,0,0,0,0,0,0,1,0,0,0,0,0,0,0,0,1,0,0,0,0,1,0
12.5,130.0,130.0,130.0,1,12.5,139,10.4,0,0,0,0,0,0,0,0,0,0,0,0,0,0,1,0,1,0,0,0,0,0,0,0,0,0,1,0
12.0,80.0,120.0,66240.0,756,9072.0,175,7.3,0,0,0,0,0,0,0,1,0,0,0,0,0,0,0,0,1,0,0,0,0,0,0,0,0,0,0,1
12.0,80.0,120.0,59576.0,642,7704.0,1552,7.73,0,0,0,0,0,0,0,1,0,0,0,0,0,0,0,0,0,1,0,0,0,0,0,0,0,0,0,1
18.3,180.0,200.0,32600.0,166,3037.8,147,10.73,0,0,0,0,0,0,0,0,0,0,0,0,0,1,0,0,0,0,0,0,0,0,0,0,0,0,1,0
18.3,160.0,180.0,1060.0,6,109.8,92,9.65,0,0,0,0,1,0,0,0,0,0,0,0,0,1,0,0,0,0,0,1,0,0,0,0,0,0,0,1
12.0,90.0,90.0,90.0,1,12.0,72,7.5,1,0,0,0,0,0,0,1,0,0,0,0,0,0,0,0,0,1,0,0,0,0,0,0,0,0,0,0
9.0,50.0,50.0,500.0,10,90.0,1374,5.56,0,0,0,0,1,0,0,0,0,0,0,1,0,0,0,0,0,0,0,0,0,0,1,0,0,0,0,0
18.3,150.0,170.0,27010.0,177,3239.1,15,8.34,0,0,0,0,0,0,0,0,0,0,0,0,0,1,0,0,0,0,0,1,0,0,0,0,0,0,0,1
18.3,120.0,180.0,103720.0,661,12096.3,169,8.57,0,0,0,0,0,0,0,0,0,0,0,0,0,1,0,0,1,0,0,0,0,0,0,0,0,0,0,1
12.0,80.0,128.0,112780.0,1250,15000.0,1258,7.52,0,0,0,0,0,0,0,1,0,0,0,0,0,0,0,0,0,1,0,0,0,0,0,0,0,0,1,0
12.0,80.0,112.0,5760.0,68,816.0,1894,7.06,0,0,0,0,0,0,0,1,0,0,0,0,0,0,0,0,0,1,0,0,0,0,0,0,0,0,0,0
12.0,72.0,92.0,3476.0,48,576.0,0,6.03,1,0,0,0,0,0,0,1,0,0,0,0,0,0,0,0,0,1,0,0,0,0,0,0,0,0,0,1
18.3,190.0,200.0,2700.0,14,256.2,49,10.54,0,0,0,0,0,0,0,0,0,0,0,0,0,1,0,0,0,0,0,1,0,0,0,0,0,0,0,1
9.0,10.0,50.0,625.0,32,288.0,115,2.17,0,0,0,0,0,0,0,0,0,0,0,1,0,0,0,0,0,0,0,0,0,0,1,0,0,0,0,0
9.0,50.0,60.0,20180.0,364,3276.0,176,6.16,0,0,0,0,1,0,0,0,0,0,0,1,0,0,0,0,0,0,0,0,0,1,0,0,0,1,0,0
18.3,130.0,160.0,7190.0,52,951.6,694,7.56,0,0,0,0,0,0,0,0,0,0,0,0,0,1,0,0,0,1,0,0,0,0,0,0,0,0,0,0
18.3,180.0,180.0,9180.0,51,933.3,47,9.84,0,0,0,0,0,0,0,0,0,0,0,0,0,1,0,0,1,0,0,0,0,0,0,0,0,0,1,0
400.0,1000.0,2200.0,33400.0,18,7200.0,0,4.64,0,0,0,0,0,0,0,0,0,0,1,0,0,0,0,0,0,1,0,0,0,0,0,0,0,0,1,0
9.0,70.0,70.0,6300.0,90,810.0,0,7.78,0,0,0,0,1,0,0,0,0,0,0,1,0,0,0,0,0,0,0,0,0,1,0,0,0,0,0,0
400.0,2200.0,2200.0,46200.0,21,8400.0,3,5.5,0,0,0,0,0,0,0,0,0,0,1,0,0,0,0,0,0,1,0,0,0,0,0,0,0,0,1,0
9.0,35.0,40.0,710.0,20,180.0,0,3.94,0,0,0,0,0,1,0,0,0,0,0,1,0,0,0,0,0,0,0,0,0,1,0,0,0,0,0,1
12.0,120.0,120.0,1680.0,14,168.0,557,10.0,0,0,0,0,1,0,0,1,0,0,0,0,0,0,0,0,1,0,0,0,0,0,0,0,0,1,0,0
9.0,50.0,70.0,9785.0,180,1620.0,0,6.04,0,0,0,0,1,0,0,0,0,0,0,1,0,0,0,0,0,0,0,0,0,1,0,0,0,0,0,1
12.0,80.0,96.0,6752.0,81,972.0,303,6.95,0,0,0,0,0,1,0,1,0,0,0,0,0,0,0,0,0,1,0,0,0,0,0,0,0,0,0,0
9.0,50.0,50.0,50.0,1,9.0,87,5.56,1,0,0,0,0,0,0,0,0,0,0,1,0,0,0,0,0,0,0,0,1,0,0,0,0,0,0,1
18.3,160.0,180.0,33090.0,193,3531.9,52,9.37,0,0,0,0,1,0,0,0,0,0,0,0,0,1,0,0,0,0,0,1,0,0,0,0,0,0,0,1
400.0,15.0,1200.0,1700.0,2,800.0,0,2.12,0,1,0,0,0,0,0,0,0,0,1,0,0,0,0,0,0,1,0,0,0,0,0,0,0,0,0,1
11.0,70.0,70.0,5600.0,80,880.0,0,6.36,0,0,0,0,0,0,0,0,0,0,0,0,1,0,0,0,0,0,0,0,0,1,0,0,0,0,0,1
9.0,55.0,60.0,2750.0,50,450.0,76,6.11,0,0,0,0,0,1,0,0,0,0,0,1,0,0,0,0,0,0,0,0,1,0,0,0,0,1,0,0
12.0,60.0,64.0,440.0,7,84.0,27,5.24,1,0,0,0,0,0,0,1,0,0,0,0,0,0,0,0,0,1,0,0,0,0,0,0,0,0,0,1
12.0,84.0,84.0,4788.0,57,684.0,40,7.0,1,0,0,0,0,0,0,1,0,0,0,0,0,0,0,0,0,1,0,0,0,0,0,0,0,0,0,1
18.3,80.0,160.0,60350.0,531,9717.3,3677,6.21,0,0,0,0,0,0,0,0,0,0,0,0,0,1,0,0,0,1,0,0,0,0,0,0,0,1,0,0
12.0,72.0,112.0,19360.0,226,2712.0,2917,7.14,0,0,0,0,0,0,0,1,0,0,0,0,0,0,0,0,0,1,0,0,0,0,0,0,0,0,0,1
9.0,40.0,40.0,8000.0,200,1800.0,0,4.44,0,0,0,0,0,1,0,0,0,0,0,1,0,0,0,0,0,0,0,0,0,1,0,0,0,0,0,1
18.3,90.0,160.0,34050.0,362,6624.6,428,5.14,0,0,0,0,1,0,0,0,0,0,0,0,0,1,0,0,0,0,0,1,0,0,0,0,0,0,0,0
9.0,60.0,65.0,185.0,3,27.0,357,6.85,0,0,0,0,1,0,0,0,0,0,0,1,0,0,0,0,0,0,0,0,0,0,1,0,0,0,0,1
18.3,100.0,100.0,400.0,4,73.2,375,5.46,0,0,0,0,0,0,0,0,0,0,0,0,0,1,0,0,1,0,0,0,0,0,0,0,0,0,0,0
12.0,40.0,120.0,3424.0,60,720.0,0,4.76,0,1,0,0,0,0,0,0,1,0,0,0,0,0,0,0,0,1,0,0,0,0,0,0,0,0,0,1
12.0,80.0,80.0,5120.0,64,768.0,486,6.67,0,0,0,0,0,1,0,1,0,0,0,0,0,0,0,0,1,0,0,0,0,0,0,0,0,0,0,0
9.0,50.0,60.0,440.0,8,72.0,1864,6.11,1,0,0,0,0,0,0,0,0,0,0,1,0,0,0,0,0,0,0,0,0,1,0,0,0,0,0,0
12.0,108.0,108.0,1080.0,10,120.0,0,9.0,0,0,0,0,0,0,0,0,1,0,0,0,0,0,0,0,0,1,0,0,0,0,0,0,0,1,0,0
18.3,120.0,130.0,1090.0,9,164.7,8,6.62,0,0,0,0,0,0,0,0,0,0,0,0,0,1,0,0,0,1,0,0,0,0,0,0,0,0,0,1
12.0,104.0,108.0,2232.0,21,252.0,498,8.86,0,0,0,0,0,0,0,1,0,0,0,0,0,0,0,0,0,0,0,0,0,0,0,0,0,0,0,1
12.0,45.0,120.0,34061.0,351,4212.0,951,8.09,0,0,0,0,0,0,0,1,0,0,0,0,0,0,0,0,0,1,0,0,0,0,0,0,0,0,0,0
12.0,64.0,64.0,1088.0,17,204.0,313,5.33,1,0,0,0,0,0,0,1,0,0,0,0,0,0,0,0,0,1,0,0,0,0,0,0,0,0,0,0
9.0,52.0,55.0,4129.0,79,711.0,97,5.81,0,0,0,0,1,0,0,0,0,0,0,1,0,0,0,0,0,0,0,0,0,1,0,0,0,1,0,0
9.0,40.0,60.0,18600.0,367,3303.0,783,5.63,0,0,0,0,0,0,0,0,0,0,0,1,0,0,0,0,0,0,0,0,0,0,0,0,1,0,0,0
18.3,100.0,140.0,55230.0,516,9442.8,917,5.85,0,0,0,0,0,0,0,0,0,0,0,0,0,1,0,0,0,1,0,0,0,0,0,0,0,1,0,0
12.0,85.0,88.0,5132.0,59,708.0,147,7.25,0,0,0,0,0,0,0,1,0,0,0,0,0,0,0,0,1,0,0,0,0,0,0,0,0,0,0,1
12.0,120.0,120.0,1080.0,9,108.0,338,10.0,0,0,0,0,1,0,0,1,0,0,0,0,0,0,0,0,1,0,0,0,0,0,0,0,0,0,0,0
12.0,84.0,96.0,1584.0,18,216.0,272,7.33,0,0,0,0,0,0,0,0,1,0,0,0,0,0,0,0,0,1,0,0,0,0,0,0,0,0,0,1
18.3,60.0,180.0,35670.0,245,4483.5,444,7.96,0,0,0,0,0,0,0,0,0,0,0,0,0,1,0,0,0,0,0,1,0,0,0,0,0,0,0,0
12.0,30.0,70.0,3410.0,68,816.0,51,4.18,1,0,0,0,0,0,0,1,0,0,0,0,0,0,0,0,1,0,0,0,0,0,0,0,0,0,0,1
9.0,55.0,65.0,44100.0,720,6480.0,0,6.81,0,0,0,0,0,0,0,0,0,0,0,1,0,0,0,0,0,0,0,0,0,0,1,0,0,0,1,0
18.3,190.0,200.0,8590.0,45,823.5,408,10.43,0,0,0,0,0,0,0,0,0,0,0,0,0,1,0,0,0,0,0,0,0,0,0,0,0,0,0,1
18.3,70.0,120.0,17260.0,184,3367.2,676,5.13,0,0,0,0,1,0,0,0,0,0,0,0,0,1,0,0,0,0,0,1,0,0,0,0,0,0,0,0
18.3,90.0,90.0,810.0,9,164.7,56,4.92,0,0,0,0,0,0,0,0,0,0,0,0,0,1,0,0,0,0,0,1,0,0,0,0,0,0,0,0
9.0,40.0,50.0,4140.0,103,927.0,2185,4.47,0,0,0,0,0,0,0,0,0,0,0,1,0,0,0,0,0,0,0,0,0,0,1,0,0,0,0,0
18.3,100.0,170.0,28930.0,191,3495.3,424,8.28,0,0,0,0,0,0,0,0,0,0,0,0,0,1,0,0,1,0,0,0,0,0,0,0,0,0,0,1
400.0,1000.0,2000.0,23900.0,16,6400.0,99,3.73,0,0,0,0,0,0,0,0,0,0,1,0,0,0,0,0,0,1,0,0,0,0,0,0,0,1,0,0
9.0,50.0,60.0,6050.0,109,981.0,555,6.17,0,0,0,0,0,0,0,0,0,0,0,1,0,0,0,0,0,0,0,0,0,1,0,0,0,0,0,1
18.3,140.0,170.0,34250.0,214,3916.2,315,8.75,0,0,0,0,0,0,0,0,0,0,0,0,0,1,0,0,1,0,0,0,0,0,0,0,0,0,0,1
400.0,500.0,500.0,1500.0,3,1200.0,0,1.25,0,1,0,0,0,0,0,0,0,0,1,0,0,0,0,0,0,0,0,0,0,0,1,0,0,0,1,0
18.3,70.0,200.0,7440.0,49,896.7,86,8.3,0,0,0,0,0,0,0,0,0,0,0,0,0,1,0,0,0,0,0,1,0,0,0,0,0,0,0,1
18.3,100.0,140.0,10920.0,106,1939.8,1468,5.63,0,0,0,0,1,0,0,0,0,0,0,0,0,1,0,0,0,0,0,1,0,0,0,0,0,0,0,0
18.3,120.0,140.0,2020.0,16,292.8,318,6.9,0,0,0,0,1,0,0,0,0,0,0,0,0,1,0,0,0,0,0,0,0,0,0,0,0,0,0,0
12.0,50.0,130.0,223670.0,2516,30192.0,1324,7.41,0,0,0,0,0,0,0,1,0,0,0,0,0,0,0,0,0,1,0,0,0,0,0,0,0,1,0,0
9.0,55.0,60.0,30055.0,501,4509.0,361,6.67,0,0,0,0,0,0,0,0,0,0,0,1,0,0,0,0,0,0,0,0,1,0,0,0,0,0,0,0
18.3,180.0,190.0,3650.0,20,366.0,29,9.97,0,0,0,0,1,0,0,0,0,0,0,0,0,1,0,0,0,0,0,1,0,0,0,0,0,0,0,1
9.0,60.0,60.0,120.0,2,18.0,75,6.67,0,0,0,0,0,0,0,0,0,0,0,1,0,0,0,0,0,0,0,0,1,0,0,0,0,0,1,0
9.0,40.0,60.0,4315.0,94,846.0,0,5.1,1,0,0,0,0,0,0,0,0,0,0,1,0,0,0,0,0,0,0,0,0,1,0,0,0,0,0,1
9.0,60.0,70.0,9380.0,156,1404.0,77,6.68,1,0,0,0,0,0,0,0,0,0,0,1,0,0,0,0,0,0,0,0,0,0,1,0,0,0,0,0
18.3,50.0,50.0,950.0,19,347.7,379,2.73,0,0,0,0,0,0,0,0,0,0,0,0,0,1,0,0,1,0,0,0,0,0,0,0,0,0,0,0
12.0,120.0,120.0,1920.0,16,192.0,43,10.0,0,1,0,0,0,0,0,0,1,0,0,0,0,0,0,0,0,1,0,0,0,0,0,0,0,0,0,1
18.3,127.0,140.0,7277.0,54,988.2,463,7.36,0,0,0,0,0,0,0,0,0,0,0,0,0,1,0,0,0,1,0,0,0,0,0,0,0,1,0,0
400.0,160.0,2000.0,188800.0,101,40400.0,78,4.67,0,0,0,0,0,0,0,0,0,0,1,0,0,0,0,0,0,1,0,0,0,0,0,0,0,0,0,1
18.3,50.0,150.0,7900.0,60,1098.0,687,7.19,0,0,0,0,0,0,0,0,0,0,0,0,0,1,0,0,0,0,0,0,0,0,0,0,0,0,0,0
18.3,150.0,150.0,1200.0,8,146.4,281,8.2,0,0,0,0,0,1,0,0,0,0,0,0,0,1,0,0,0,0,0,0,0,0,0,0,0,0,1,0
12.0,30.0,70.0,3204.0,65,780.0,56,4.11,1,0,0,0,0,0,0,1,0,0,0,0,0,0,0,0,1,0,0,0,0,0,0,0,0,0,0,1
18.3,260.0,260.0,260.0,1,18.3,177,14.21,0,0,0,0,1,0,0,0,0,0,0,0,0,1,0,0,0,0,0,1,0,0,0,0,0,0,1,0
12.0,80.0,104.0,4256.0,52,624.0,434,6.82,0,0,0,0,0,1,0,1,0,0,0,0,0,0,0,0,1,0,0,0,0,0,0,0,0,0,0,0
12.0,108.0,120.0,9976.0,91,1092.0,484,9.14,0,0,0,0,0,0,0,1,0,0,0,0,0,0,0,0,1,0,0,0,0,0,0,0,0,0,0,0
9.0,55.0,55.0,4950.0,90,810.0,90,6.11,0,0,0,0,0,1,0,0,0,0,0,1,0,0,0,0,0,0,0,0,0,0,1,0,0,0,0,0
12.0,112.0,112.0,21504.0,192,2304.0,153,9.33,0,0,0,0,0,0,0,1,0,0,0,0,0,0,0,0,1,0,0,0,0,0,0,0,0,0,0,1
18.3,150.0,160.0,34250.0,228,4172.4,706,8.21,0,0,0,0,0,0,0,0,0,0,0,0,0,1,0,0,0,1,0,0,0,0,0,0,0,0,0,1
400.0,600.0,2000.0,230000.0,118,47200.0,91,4.87,0,0,0,0,0,0,0,0,0,0,1,0,0,0,0,0,0,1,0,0,0,0,0,0,0,0,0,1
9.0,50.0,65.0,1375.0,22,198.0,319,6.94,0,0,0,0,0,0,0,0,0,0,0,1,0,0,0,0,0,0,0,0,0,0,1,0,0,0,0,1
12.0,120.0,120.0,120.0,1,12.0,111,10.0,0,0,0,0,1,0,0,1,0,0,0,0,0,0,0,0,1,0,0,0,0,0,0,0,0,0,0,1
18.3,140.0,160.0,620.0,4,73.2,64,8.47,0,0,0,0,0,1,0,0,0,0,0,0,0,1,0,0,0,0,0,1,0,0,0,0,0,1,0,0
18.3,100.0,170.0,1040.0,7,128.1,520,8.12,0,0,0,0,0,0,0,0,0,0,0,0,0,1,0,0,0,0,0,1,0,0,0,0,0,0,0,0
18.3,140.0,160.0,12560.0,79,1445.7,3,8.69,0,0,0,0,0,0,0,0,0,0,0,0,0,1,0,0,1,0,0,0,0,0,0,0,0,0,0,1
12.0,52.0,52.0,56524.0,1087,13044.0,0,4.33,0,1,0,0,0,0,0,1,0,0,0,0,0,0,0,0,1,0,0,0,0,0,0,0,0,0,0,1
18.3,140.0,140.0,140.0,1,18.3,209,7.65,0,0,0,0,0,0,0,0,0,0,0,0,0,1,0,0,0,1,0,0,0,0,0,0,0,0,0,0
400.0,1800.0,1900.0,5500.0,3,1200.0,19,4.58,0,0,0,0,0,0,0,0,0,0,1,0,0,0,0,0,1,0,0,0,0,0,0,0,0,0,0,0
18.3,170.0,170.0,170.0,1,18.3,16,9.29,0,0,0,0,0,0,0,0,0,0,0,0,0,1,0,0,0,0,0,1,0,0,0,0,0,0,1,0
9.0,50.0,100.0,9250.0,180,1620.0,1397,5.71,0,0,0,0,0,0,0,0,0,0,0,1,0,0,0,0,0,0,0,0,0,0,1,0,0,0,1,0
12.0,120.0,120.0,15360.0,128,1536.0,5,10.0,0,0,0,0,0,1,0,1,0,0,0,0,0,0,0,0,0,1,0,0,0,0,0,0,0,0,0,0
11.0,60.0,70.0,33950.0,555,6105.0,0,5.56,0,0,0,0,0,0,0,0,0,0,0,0,1,0,0,0,0,0,0,0,0,1,0,0,0,0,0,1
18.3,100.0,100.0,300.0,3,54.9,0,5.46,0,0,0,0,1,0,0,0,0,0,0,0,0,1,0,0,0,0,0,1,0,0,0,0,0,0,0,1
9.0,40.0,60.0,1920.0,47,423.0,0,4.54,1,0,0,0,0,0,0,0,0,0,0,1,0,0,0,0,0,0,0,0,0,1,0,0,0,0,0,1
12.0,108.0,120.0,336.0,3,36.0,25,9.33,0,0,0,0,1,0,0,0,1,0,0,0,0,0,0,0,0,1,0,0,0,0,0,0,0,0,0,1
18.3,220.0,220.0,2640.0,12,219.6,346,12.02,0,0,0,0,0,1,0,0,0,0,0,0,0,1,0,0,0,0,0,0,0,0,0,0,0,0,1,0
9.0,40.0,40.0,80.0,2,18.0,1318,4.44,0,0,0,0,1,0,0,0,0,0,0,1,0,0,0,0,0,0,0,0,0,0,1,0,0,0,0,0
9.0,50.0,60.0,2440.0,41,369.0,53,6.61,0,0,0,0,1,0,0,0,0,0,0,1,0,0,0,0,0,0,0,0,0,0,1,0,0,0,0,1
6.3,10.0,10.0,230.0,23,144.9,0,1.59,0,1,0,0,0,0,1,0,0,0,0,0,0,0,0,0,0,0,0,0,0,0,1,0,0,0,0,0
9.0,50.0,70.0,18925.0,360,3240.0,156,5.84,0,0,0,0,0,0,0,0,0,0,0,1,0,0,0,0,0,0,0,0,0,0,1,0,0,0,1,0
9.0,40.0,50.0,330.0,8,72.0,54,4.58,0,0,0,0,0,0,0,0,0,0,0,1,0,0,0,0,0,0,0,0,0,0,0,1,0,0,0,0
9.0,60.0,70.0,4040.0,65,585.0,130,6.91,1,0,0,0,0,0,0,0,0,0,0,1,0,0,0,0,0,0,0,0,1,0,0,0,0,0,0,0
9.0,60.0,65.0,10930.0,182,1638.0,86,6.67,0,0,0,0,0,0,0,0,0,0,0,1,0,0,0,0,0,0,0,0,0,1,0,0,0,1,0,0
12.5,65.0,65.0,4225.0,65,812.5,0,5.2,0,0,0,0,0,0,0,0,0,0,0,0,0,0,0,1,0,0,0,0,0,0,0,0,0,0,0,0
9.0,40.0,40.0,8000.0,200,1800.0,0,4.44,0,0,0,0,0,1,0,0,0,0,0,1,0,0,0,0,0,0,0,0,0,1,0,0,0,0,0,1
400.0,2000.0,2000.0,2000.0,1,400.0,22,5.0,0,0,0,0,0,0,0,0,0,0,1,0,0,0,0,0,1,0,0,0,0,0,0,0,0,0,0,0
12.0,102.0,102.0,3468.0,34,408.0,718,8.5,0,0,0,0,0,1,0,0,1,0,0,0,0,0,0,0,0,1,0,0,0,0,0,0,0,0,0,0
12.0,104.0,104.0,104.0,1,12.0,349,8.67,0,0,0,0,0,0,0,1,0,0,0,0,0,0,0,0,0,0,0,0,0,0,0,0,0,0,0,1
12.0,108.0,120.0,5238.0,48,576.0,234,9.09,0,0,0,0,1,0,0,0,1,0,0,0,0,0,0,0,0,1,0,0,0,0,0,0,0,0,0,0
12.0,80.0,112.0,32782.0,325,3900.0,4465,8.41,0,0,0,0,0,0,0,1,0,0,0,0,0,0,0,0,0,1,0,0,0,0,0,0,0,0,0,1
9.0,50.0,90.0,2825.0,40,360.0,1510,7.85,0,0,0,0,0,0,0,0,0,0,0,1,0,0,0,0,0,0,0,0,0,1,0,0,0,0,1,0
18.3,80.0,180.0,44300.0,304,5563.2,862,7.96,0,0,0,0,1,0,0,0,0,0,0,0,0,1,0,0,0,0,0,1,0,0,0,0,0,0,1,0
12.0,96.0,180.0,68528.0,674,8088.0,1902,8.47,0,0,0,0,0,0,0,1,0,0,0,0,0,0,0,0,0,1,0,0,0,0,0,0,0,0,1,0
400.0,800.0,800.0,1600.0,2,800.0,0,2.0,0,1,0,0,0,0,0,0,0,0,1,0,0,0,0,0,0,0,0,0,0,1,0,0,0,0,0,1
9.0,60.0,65.0,2195.0,35,315.0,471,6.97,1,0,0,0,0,0,0,0,0,0,0,1,0,0,0,0,0,0,0,0,0,1,0,0,0,0,0,1
18.3,70.0,180.0,205020.0,1610,29463.0,1775,6.96,0,0,0,0,0,0,0,0,0,0,0,0,0,1,0,0,0,1,0,0,0,0,0,0,0,0,0,1
12.0,64.0,72.0,840.0,13,156.0,380,5.38,1,0,0,0,0,0,0,1,0,0,0,0,0,0,0,0,0,1,0,0,0,0,0,0,0,0,0,0
9.0,20.0,50.0,5700.0,138,1242.0,345,4.59,0,0,0,0,0,0,0,0,0,0,0,1,0,0,0,0,0,0,0,0,0,0,1,0,0,0,0,0
18.3,120.0,170.0,1310.0,8,146.4,115,8.95,0,0,0,0,0,0,0,0,0,0,0,0,0,1,0,0,0,0,0,1,0,0,0,0,0,0,0,0
11.0,50.0,50.0,1300.0,26,286.0,156,4.55,0,0,0,0,0,0,0,0,0,0,0,0,1,0,0,0,0,0,0,0,0,1,0,0,0,0,1,0
12.0,112.0,120.0,12872.0,114,1368.0,379,9.41,0,0,0,0,1,0,0,1,0,0,0,0,0,0,0,0,1,0,0,0,0,0,0,0,0,0,0,0
12.0,88.0,112.0,6992.0,77,924.0,333,7.57,0,0,0,0,0,0,0,1,0,0,0,0,0,0,0,0,1,0,0,0,0,0,0,0,0,0,0,0
18.3,200.0,260.0,21160.0,104,1903.2,75,11.12,0,0,0,0,0,0,0,0,0,0,0,0,0,1,0,0,0,0,0,1,0,0,0,0,0,0,1,0
18.3,160.0,180.0,32580.0,190,3477.0,55,9.37,0,0,0,0,1,0,0,0,0,0,0,0,0,1,0,0,0,0,0,1,0,0,0,0,0,0,0,1
18.3,140.0,140.0,3920.0,28,512.4,0,7.65,0,0,0,0,1,0,0,0,0,0,0,0,0,1,0,0,0,1,0,0,0,0,0,0,0,0,0,0
9.0,55.0,65.0,2085.0,35,315.0,29,6.62,1,0,0,0,0,0,0,0,0,0,0,1,0,0,0,0,0,0,0,0,0,0,1,0,0,0,0,0
11.0,60.0,70.0,51100.0,800,8800.0,0,5.81,0,0,0,0,0,0,0,0,0,0,0,0,1,0,0,0,0,0,0,0,0,1,0,0,0,0,0,1
12.0,128.0,144.0,42028.0,320,3840.0,153,10.94,0,0,0,0,0,0,0,1,0,0,0,0,0,0,0,0,1,0,0,0,0,0,0,0,0,0,1,0
9.0,30.0,60.0,290.0,6,54.0,106,5.37,1,0,0,0,0,0,0,0,0,0,0,1,0,0,0,0,0,0,0,0,1,0,0,0,0,0,0,1
12.0,90.0,96.0,2352.0,25,300.0,247,7.84,0,0,0,0,0,0,0,0,1,0,0,0,0,0,0,0,0,1,0,0,0,0,0,0,0,0,0,1
12.0,50.0,120.0,31122.0,389,4668.0,880,6.67,0,0,0,0,0,0,0,1,0,0,0,0,0,0,0,0,0,1,0,0,0,0,0,0,0,0,1,0
11.0,40.0,50.0,29450.0,734,8074.0,49,3.65,0,0,0,0,0,0,0,0,0,0,0,0,1,0,0,0,0,0,0,0,0,0,1,0,0,0,0,0
18.3,170.0,180.0,2500.0,14,256.2,27,9.76,0,0,0,0,0,0,0,0,0,0,0,0,0,1,0,0,1,0,0,0,0,0,0,0,0,0,0,0
9.0,60.0,60.0,120.0,2,18.0,73,6.67,0,0,0,0,0,0,0,0,0,0,0,1,0,0,0,0,0,0,0,0,1,0,0,0,0,0,1,0
12.0,68.0,72.0,3772.0,54,648.0,584,5.82,1,0,0,0,0,0,0,1,0,0,0,0,0,0,0,0,0,1,0,0,0,0,0,0,0,0,0,0
12.0,80.0,104.0,4340.0,45,540.0,22,8.04,0,0,0,1,0,0,0,1,0,0,0,0,0,0,0,0,0,1,0,0,0,0,0,0,0,0,0,1
18.3,110.0,160.0,56370.0,418,7649.4,1162,7.37,0,0,0,0,0,0,0,0,0,0,0,0,0,1,0,0,1,0,0,0,0,0,0,0,0,1,0,0
18.3,60.0,60.0,720.0,12,219.6,392,3.28,0,0,0,0,0,0,0,0,0,0,0,0,0,1,0,0,0,0,0,1,0,0,0,0,0,0,0,0
11.0,30.0,30.0,1020.0,34,374.0,0,2.73,0,0,0,0,0,0,0,0,0,0,0,0,1,0,0,0,0,0,0,0,1,0,0,0,0,0,1,0
3.0,18.0,18.0,16200.0,900,2700.0,0,6.0,0,0,0,0,0,1,0,0,0,0,0,0,0,0,0,0,0,1,0,0,0,0,0,0,0,0,0,0
18.3,130.0,130.0,1950.0,15,274.5,149,7.1,0,0,0,0,1,0,0,0,0,0,0,0,0,1,0,0,1,0,0,0,0,0,0,0,0,0,0,0
12.0,120.0,128.0,4704.0,38,456.0,48,10.32,0,0,0,0,1,0,0,1,0,0,0,0,0,0,0,0,0,1,0,0,0,0,0,0,0,0,0,1
18.3,130.0,130.0,130.0,1,18.3,105,7.1,0,0,0,0,0,0,0,0,0,0,0,0,0,1,0,0,0,0,0,1,0,0,0,0,0,0,0,0
12.0,96.0,96.0,6144.0,64,768.0,0,8.0,0,1,0,0,0,0,0,1,0,0,0,0,0,0,0,0,0,1,0,0,0,0,0,0,0,1,0,0
12.0,168.0,168.0,2016.0,12,144.0,337,14.0,0,0,0,0,1,0,0,1,0,0,0,0,0,0,0,0,1,0,0,0,0,0,0,0,0,0,1,0
9.0,36.0,36.0,7200.0,200,1800.0,100,4.0,0,0,0,0,0,1,0,0,0,0,0,1,0,0,0,0,0,0,0,0,0,0,1,0,0,0,0,1
9.0,55.0,55.0,4565.0,83,747.0,0,6.11,0,0,0,0,0,0,0,0,0,0,0,1,0,0,0,0,0,0,0,0,1,0,0,0,0,0,0,0
18.3,100.0,180.0,26440.0,177,3239.1,178,8.16,0,0,0,0,0,0,0,0,0,0,0,0,0,1,0,0,1,0,0,0,0,0,0,0,0,0,1,0
9.0,50.0,50.0,100.0,2,18.0,260,5.56,0,0,0,0,1,0,0,0,0,0,0,1,0,0,0,0,0,0,0,0,0,0,1,0,0,0,0,1
9.0,50.0,70.0,550.0,9,81.0,115,6.79,1,0,0,0,0,0,0,0,0,0,0,1,0,0,0,0,0,0,0,0,0,1,0,0,0,0,1,0
18.3,100.0,200.0,19140.0,120,2196.0,661,8.72,0,0,0,0,0,0,0,0,0,0,0,0,0,1,0,0,0,0,0,0,0,0,0,0,0,0,1,0
12.0,120.0,120.0,3600.0,30,360.0,0,10.0,0,0,0,0,1,0,0,1,0,0,0,0,0,0,0,0,1,0,0,0,0,0,0,0,0,0,0,1
12.0,120.0,120.0,15000.0,125,1500.0,210,10.0,0,0,0,0,1,0,0,0,1,0,0,0,0,0,0,0,0,1,0,0,0,0,0,0,0,0,1,0
9.0,45.0,60.0,4920.0,104,936.0,95,5.26,0,0,0,0,0,0,0,0,0,0,0,1,0,0,0,0,0,0,0,0,0,0,1,0,0,0,0,1
18.3,120.0,180.0,34640.0,256,4684.8,957,7.39,0,0,0,0,0,0,0,0,0,0,0,0,0,1,0,0,0,0,0,0,0,0,0,0,0,1,0,0
12.0,80.0,100.0,6810.0,76,912.0,553,7.47,0,0,0,0,0,0,0,1,0,0,0,0,0,0,0,0,1,0,0,0,0,0,0,0,0,0,0,1
9.0,55.0,60.0,3380.0,61,549.0,15,6.16,0,0,0,0,0,1,0,0,0,0,0,1,0,0,0,0,0,0,0,0,1,0,0,0,0,1,0,0
18.3,130.0,140.0,7600.0,58,1061.4,504,7.16,0,0,0,0,0,0,0,0,0,0,0,0,0,1,0,0,0,1,0,0,0,0,0,0,0,0,0,0
12.0,50.0,128.0,69166.0,689,8268.0,1175,8.37,0,0,0,0,0,0,0,1,0,0,0,0,0,0,0,0,0,1,0,0,0,0,0,0,0,0,1,0
9.0,50.0,60.0,640.0,12,108.0,109,5.93,0,0,0,0,0,0,0,0,0,0,0,1,0,0,0,0,0,0,0,0,1,0,0,0,0,0,0,0
18.3,140.0,200.0,13860.0,93,1701.9,430,8.14,0,0,0,0,0,0,0,0,0,0,0,0,0,1,0,0,0,0,0,1,0,0,0,0,0,0,0,1
9.0,55.0,65.0,1010.0,18,162.0,91,6.23,0,0,0,0,0,0,0,0,0,0,0,1,0,0,0,0,0,0,0,0,0,0,1,0,0,0,0,1
9.0,60.0,60.0,25920.0,432,3888.0,18,6.67,0,0,0,0,1,0,0,0,0,0,0,1,0,0,0,0,0,0,0,0,0,0,1,0,0,0,0,0
18.3,50.0,160.0,4510.0,69,1262.7,173,3.57,0,0,0,0,0,0,0,0,0,0,0,0,0,1,0,0,0,0,0,0,0,0,0,0,0,0,0,0
11.0,50.0,50.0,50.0,1,11.0,21,4.55,0,0,0,0,0,0,0,0,0,0,0,0,1,0,0,0,0,0,0,0,0,0,1,0,0,0,1,0
9.0,40.0,45.0,2255.0,55,495.0,79,4.56,0,0,0,0,0,0,0,0,0,0,0,1,0,0,0,0,0,0,0,0,0,1,0,0,0,0,0,1
400.0,300.0,600.0,3300.0,8,3200.0,0,1.03,0,0,0,0,0,0,0,0,0,0,1,0,0,0,0,0,0,1,0,0,0,0,0,0,0,0,1,0
18.3,160.0,170.0,2580.0,16,292.8,103,8.81,0,0,0,0,0,0,0,0,0,0,0,0,0,1,0,0,1,0,0,0,0,0,0,0,0,0,0,1
18.3,80.0,80.0,1440.0,18,329.4,294,4.37,0,0,0,0,0,1,0,0,0,0,0,0,0,1,0,0,0,0,0,0,0,0,0,0,0,0,1,0
18.3,160.0,160.0,1120.0,7,128.1,44,8.74,0,0,0,0,0,0,0,0,0,0,0,0,0,1,0,0,1,0,0,0,0,0,0,0,0,0,0,1
12.0,70.0,120.0,23728.0,239,2868.0,801,8.27,0,0,0,0,0,0,0,1,0,0,0,0,0,0,0,0,0,1,0,0,0,0,0,0,0,0,0,0
9.0,55.0,55.0,9680.0,176,1584.0,60,6.11,0,0,0,0,0,0,0,0,0,0,0,1,0,0,0,0,0,0,0,0,0,1,0,0,0,0,0,0
18.3,170.0,170.0,26860.0,158,2891.4,38,9.29,0,0,0,0,0,1,0,0,0,0,0,0,0,1,0,0,0,0,0,0,0,0,0,0,0,1,0,0
18.3,120.0,140.0,64020.0,486,8893.8,565,7.2,0,0,0,0,0,0,0,0,0,0,0,0,0,1,0,0,0,1,0,0,0,0,0,0,0,0,0,1
400.0,2200.0,2200.0,33000.0,15,6000.0,8,5.5,0,0,0,0,0,0,0,0,0,0,1,0,0,0,0,0,0,1,0,0,0,0,0,0,0,0,1,0
18.3,100.0,200.0,49710.0,260,4758.0,106,10.45,0,0,0,0,0,0,0,0,0,0,0,0,0,1,0,0,0,0,0,0,0,0,0,0,0,0,0,1
9.0,52.0,52.0,3952.0,76,684.0,0,5.78,0,0,0,0,1,0,0,0,0,0,0,1,0,0,0,0,0,0,0,0,0,0,1,0,0,0,0,1
9.0,60.0,75.0,1790.0,26,234.0,304,7.65,0,0,0,0,0,0,0,0,0,0,0,1,0,0,0,0,0,0,0,0,0,1,0,0,0,0,0,1
12.0,80.0,112.0,15400.0,174,2088.0,594,7.38,0,0,0,0,0,0,0,1,0,0,0,0,0,0,0,0,0,1,0,0,0,0,0,0,0,0,1,0
18.3,160.0,170.0,1140.0,7,128.1,0,8.9,0,0,0,0,0,0,0,0,0,0,0,0,0,1,0,0,0,0,0,1,0,0,0,0,0,0,0,1
9.0,60.0,60.0,120.0,2,18.0,134,6.67,0,0,0,0,1,0,0,0,0,0,0,1,0,0,0,0,0,0,0,0,0,1,0,0,0,0,0,1
9.0,35.0,40.0,10190.0,267,2403.0,0,4.24,0,0,0,0,0,1,0,0,0,0,0,1,0,0,0,0,0,0,0,0,0,1,0,0,0,0,0,1
18.3,120.0,160.0,81750.0,636,11638.8,851,7.02,0,0,0,0,0,0,0,0,0,0,0,0,0,1,0,0,0,1,0,0,0,0,0,0,0,0,0,1
400.0,1200.0,1800.0,48300.0,29,11600.0,22,4.16,0,0,0,0,0,0,0,0,0,0,1,0,0,0,0,0,0,1,0,0,0,0,0,0,0,0,0,1
18.3,114.0,140.0,73818.0,646,11821.8,155,6.24,0,0,0,0,0,0,0,0,0,0,0,0,0,1,0,0,0,1,0,0,0,0,0,0,0,0,0,0
12.0,96.0,96.0,6144.0,64,768.0,0,8.0,0,0,0,0,1,0,0,0,1,0,0,0,0,0,0,0,0,1,0,0,0,0,0,0,0,0,0,0
12.0,84.0,120.0,49568.0,560,6720.0,933,7.38,0,0,0,0,0,0,0,1,0,0,0,0,0,0,0,0,0,1,0,0,0,0,0,0,0,0,0,1
12.0,40.0,128.0,9184.0,128,1536.0,0,5.98,0,1,0,0,0,0,0,1,0,0,0,0,0,0,0,0,1,0,0,0,0,0,0,0,0,0,0,1
9.0,60.0,65.0,5625.0,90,810.0,0,6.94,0,0,0,0,0,0,0,0,0,0,0,1,0,0,0,0,0,0,0,0,0,0,0,0,1,0,1,0
18.3,140.0,200.0,10290.0,71,1299.3,430,7.92,0,0,0,0,0,0,0,0,0,0,0,0,0,1,0,0,0,0,0,1,0,0,0,0,0,0,0,1
12.0,80.0,120.0,5616.0,62,744.0,267,7.55,0,0,0,0,0,0,0,1,0,0,0,0,0,0,0,0,1,0,0,0,0,0,0,0,0,0,0,0
9.0,40.0,40.0,8000.0,200,1800.0,0,4.44,0,0,0,0,0,1,0,0,0,0,0,1,0,0,0,0,0,0,0,0,0,1,0,0,0,0,0,1
9.0,55.0,55.0,165.0,3,27.0,401,6.11,0,0,0,0,1,0,0,0,0,0,0,1,0,0,0,0,0,0,0,0,1,0,0,0,0,0,0,0
18.3,90.0,180.0,15640.0,118,2159.4,67,7.24,0,0,0,0,0,0,0,0,0,0,0,0,0,1,0,0,0,0,0,1,0,0,0,0,0,0,0,0
18.3,108.0,140.0,32964.0,260,4758.0,208,6.93,0,0,0,0,0,0,0,0,0,0,0,0,0,1,0,0,0,1,0,0,0,0,0,0,0,0,0,1
3.0,18.0,18.0,3600.0,200,600.0,700,6.0,0,0,0,0,0,0,0,0,0,0,0,0,0,0,0,0,0,1,0,0,0,0,0,0,0,0,0,1
12.0,50.0,100.0,19976.0,245,2940.0,1080,6.79,0,0,0,0,0,0,0,1,0,0,0,0,0,0,0,0,0,1,0,0,0,0,0,0,0,0,0,0
12.0,72.0,72.0,59904.0,832,9984.0,0,6.0,0,0,0,0,0,0,0,1,0,0,0,0,0,0,0,0,0,0,0,0,0,0,1,0,0,0,1,0
400.0,1200.0,2200.0,60600.0,28,11200.0,2,5.41,0,0,0,0,0,0,0,0,0,0,1,0,0,0,0,0,0,1,0,0,0,0,0,0,0,0,1,0
9.0,55.0,55.0,165.0,3,27.0,285,6.11,0,0,0,0,0,1,0,0,0,0,0,1,0,0,0,0,0,0,0,0,0,1,0,0,0,0,0,0
9.0,37.0,70.0,6289.0,111,999.0,306,6.3,0,0,0,0,0,0,0,0,0,0,0,1,0,0,0,0,0,0,0,0,1,0,0,0,0,0,0,1
18.3,110.0,160.0,248750.0,1906,34879.8,3275,7.13,0,0,0,0,0,0,0,0,0,0,0,0,0,1,0,0,0,1,0,0,0,0,0,0,0,0,0,1
18.3,100.0,140.0,3440.0,34,622.2,194,5.53,0,0,0,0,0,0,0,0,0,0,0,0,0,1,0,0,0,0,0,0,0,0,0,0,0,0,0,1
18.3,110.0,140.0,37750.0,334,6112.2,2963,6.18,0,0,0,0,0,0,0,0,0,0,0,0,0,1,0,0,0,1,0,0,0,0,0,0,0,1,0,0
9.0,50.0,50.0,100.0,2,18.0,210,5.56,0,0,0,0,0,0,0,0,0,0,0,1,0,0,0,0,0,0,0,0,1,0,0,0,0,1,0,0
11.0,60.0,70.0,11350.0,183,2013.0,57,5.64,0,0,0,0,0,0,0,0,0,0,0,0,1,0,0,0,0,0,0,0,0,0,1,0,0,0,0,1
9.0,50.0,50.0,1950.0,39,351.0,2440,5.56,0,0,0,0,0,0,0,0,0,0,0,1,0,0,0,0,0,0,0,0,0,0,1,0,0,0,0,1
12.0,40.0,64.0,1728.0,34,408.0,0,4.24,1,0,0,0,0,0,0,1,0,0,0,0,0,0,0,0,0,1,0,0,0,0,0,0,0,0,0,1
12.0,96.0,112.0,5472.0,54,648.0,1146,8.44,0,0,0,0,0,0,0,1,0,0,0,0,0,0,0,0,1,0,0,0,0,0,0,0,0,0,0,0
400.0,2000.0,2000.0,12000.0,6,2400.0,15,5.0,0,0,0,0,0,0,0,0,0,0,1,0,0,0,0,0,0,0,0,0,0,0,1,0,0,0,0,1
12.0,80.0,80.0,4400.0,55,660.0,9,6.67,0,0,0,0,1,0,0,0,1,0,0,0,0,0,0,0,0,1,0,0,0,0,0,0,0,0,0,1
9.0,40.0,90.0,17316.0,334,3006.0,2294,5.76,0,0,0,0,0,0,0,0,0,0,0,1,0,0,0,0,0,0,0,0,0,1,0,0,0,0,1,0
9.0,60.0,60.0,120.0,2,18.0,86,6.67,0,0,0,0,0,0,0,0,0,0,0,1,0,0,0,0,0,0,0,0,0,0,1,0,0,0,0,1
12.0,54.0,128.0,60476.0,641,7692.0,723,7.86,0,0,0,0,0,0,0,1,0,0,0,0,0,0,0,0,0,1,0,0,0,0,0,0,0,0,0,0
18.3,170.0,170.0,340.0,2,36.6,0,9.29,0,0,0,0,1,0,0,0,0,0,0,0,0,1,0,0,0,0,0,1,0,0,0,0,0,0,0,1
12.0,40.0,120.0,65149.0,755,9060.0,1676,7.19,0,0,0,0,0,0,0,1,0,0,0,0,0,0,0,0,0,1,0,0,0,0,0,0,0,0,0,0
18.3,80.0,170.0,22855.0,172,3147.6,216,7.26,0,0,0,0,0,0,0,0,0,0,0,0,0,1,0,0,1,0,0,0,0,0,0,0,0,0,0,1
400.0,1800.0,1900.0,85800.0,47,18800.0,6,4.56,0,0,0,0,0,0,0,0,0,0,1,0,0,0,0,0,0,1,0,0,0,0,0,0,0,1,0,0
12.0,112.0,120.0,472.0,4,48.0,114,9.83,0,0,0,0,1,0,0,0,1,0,0,0,0,0,0,0,1,0,0,0,0,0,0,0,0,0,0,1
18.3,150.0,160.0,17724.0,118,2159.4,162,8.21,0,0,0,0,0,0,0,0,0,0,0,0,0,1,0,0,0,1,0,0,0,0,0,0,0,0,0,0
18.3,100.0,140.0,31300.0,303,5544.9,544,5.64,0,0,0,0,0,0,0,0,0,0,0,0,0,1,0,0,0,1,0,0,0,0,0,0,0,1,0,0
9.0,50.0,65.0,4595.0,91,819.0,328,5.61,1,0,0,0,0,0,0,0,0,0,0,1,0,0,0,0,0,0,0,0,0,0,1,0,0,0,0,0
18.3,100.0,160.0,25970.0,213,3897.9,531,6.66,0,0,0,0,0,0,0,0,0,0,0,0,0,1,0,0,0,1,0,0,0,0,0,0,0,0,0,0
9.0,50.0,50.0,50.0,1,9.0,155,5.56,0,0,0,0,1,0,0,0,0,0,0,1,0,0,0,0,0,0,0,0,0,0,0,0,1,0,0,1
18.3,150.0,160.0,94530.0,606,11089.8,85,8.52,0,0,0,0,0,0,0,0,0,0,0,0,0,1,0,0,0,1,0,0,0,0,0,0,0,0,0,1
9.0,50.0,50.0,100.0,2,18.0,2653,5.56,0,0,0,0,0,0,0,0,0,0,0,1,0,0,0,0,0,0,0,0,0,0,1,0,0,0,0,0
12.0,120.0,120.0,960.0,8,96.0,854,10.0,0,0,0,0,1,0,0,1,0,0,0,0,0,0,0,0,0,1,0,0,0,0,0,0,0,1,0,0
12.0,128.0,132.0,18720.0,146,1752.0,434,10.68,0,0,0,0,0,0,0,1,0,0,0,0,0,0,0,0,1,0,0,0,0,0,0,0,0,0,1,0
9.0,65.0,70.0,4790.0,72,648.0,28,7.39,0,0,0,0,0,0,0,0,0,0,0,1,0,0,0,0,0,0,0,0,0,0,0,0,1,0,0,1
18.3,120.0,150.0,67300.0,550,10065.0,1549,6.69,0,0,0,0,0,0,0,0,0,0,0,0,0,1,0,0,0,1,0,0,0,0,0,0,0,0,0,1
12.0,30.0,64.0,1220.0,35,420.0,51,2.9,1,0,0,0,0,0,0,1,0,0,0,0,0,0,0,0,1,0,0,0,0,0,0,0,0,0,0,1
12.0,50.0,112.0,45104.0,566,6792.0,3843,6.64,0,0,0,0,0,0,0,1,0,0,0,0,0,0,0,0,0,1,0,0,0,0,0,0,0,1,0,0
18.3,100.0,120.0,420.0,4,73.2,468,5.74,0,0,0,0,0,0,0,0,0,0,0,0,0,1,0,0,0,0,0,1,0,0,0,0,0,0,0,0
18.3,50.0,170.0,23510.0,207,3788.1,174,6.21,0,0,0,0,0,0,0,0,0,0,0,0,0,1,0,0,1,0,0,0,0,0,0,0,0,0,0,1
12.0,72.0,120.0,74364.0,768,9216.0,1811,8.07,0,0,0,0,0,0,0,1,0,0,0,0,0,0,0,0,0,1,0,0,0,0,0,0,0,0,0,0
9.0,40.0,45.0,14540.0,356,3204.0,354,4.54,0,0,0,0,0,0,0,0,0,0,0,1,0,0,0,0,0,0,0,0,1,0,0,0,0,0,0,0
9.0,50.0,70.0,7200.0,108,972.0,842,7.41,0,0,0,0,1,0,0,0,0,0,0,1,0,0,0,0,0,0,0,0,0,1,0,0,0,0,0,0
14.0,114.0,114.0,25536.0,224,3136.0,0,8.14,0,0,0,0,0,0,0,0,0,1,0,0,0,0,0,0,0,1,0,0,0,0,0,0,0,0,0,1
12.0,64.0,64.0,192.0,3,36.0,76,5.33,1,0,0,0,0,0,0,1,0,0,0,0,0,0,0,0,1,0,0,0,0,0,0,0,0,0,0,1
9.0,40.0,50.0,2370.0,59,531.0,188,4.46,0,0,0,0,1,0,0,0,0,0,0,1,0,0,0,0,0,0,0,0,0,0,1,0,0,0,0,1
18.3,150.0,190.0,84030.0,531,9717.3,859,8.65,0,0,0,0,1,0,0,0,0,0,0,0,0,1,0,0,0,0,0,0,0,0,0,0,0,0,0,0
12.0,96.0,96.0,4224.0,44,528.0,0,8.0,1,0,0,0,0,0,0,1,0,0,0,0,0,0,0,0,0,1,0,0,0,0,0,0,0,0,0,1
9.0,10.0,10.0,20.0,2,18.0,0,1.11,0,1,0,0,0,0,0,0,0,0,0,1,0,0,0,0,0,0,0,0,0,0,1,0,0,0,0,0
12.0,80.0,80.0,4400.0,55,660.0,9,6.67,0,0,0,0,1,0,0,0,1,0,0,0,0,0,0,0,0,1,0,0,0,0,0,0,0,0,0,1
18.3,150.0,200.0,41290.0,248,4538.4,789,9.1,0,0,0,0,0,0,0,0,0,0,0,0,0,1,0,0,0,0,0,0,0,0,0,0,0,0,0,1
9.0,60.0,70.0,36680.0,524,4716.0,106,7.78,0,0,0,0,1,0,0,0,0,0,0,1,0,0,0,0,0,0,0,0,0,0,1,0,0,0,0,1
12.0,120.0,136.0,15608.0,128,1536.0,0,10.16,0,0,0,0,1,0,0,1,0,0,0,0,0,0,0,0,0,1,0,0,0,0,0,0,0,0,0,1
9.0,50.0,50.0,9000.0,180,1620.0,0,5.56,0,0,0,0,0,0,0,0,0,0,0,1,0,0,0,0,0,0,0,0,0,0,0,1,0,0,1,0
9.0,60.0,60.0,2280.0,38,342.0,268,6.67,0,0,0,0,0,0,0,0,0,0,0,1,0,0,0,0,0,0,0,0,1,0,0,0,0,0,0,1
12.0,100.0,104.0,5536.0,55,660.0,201,8.39,0,0,0,0,0,0,0,1,0,0,0,0,0,0,0,0,0,0,0,0,0,0,0,0,0,0,0,1
12.0,64.0,64.0,1600.0,25,300.0,429,5.33,1,0,0,0,0,0,0,1,0,0,0,0,0,0,0,0,1,0,0,0,0,0,0,0,0,0,0,1
12.5,105.0,120.0,7365.0,70,875.0,0,8.42,0,0,0,0,1,0,0,0,0,0,0,0,0,0,0,1,0,0,0,0,0,0,0,0,0,0,0,0
9.0,30.0,55.0,4870.0,89,801.0,181,6.08,0,0,0,0,0,0,0,0,0,0,0,1,0,0,0,0,0,0,0,0,0,0,1,0,0,0,0,0
12.0,120.0,120.0,120.0,1,12.0,123,10.0,0,0,0,0,1,0,0,0,1,0,0,0,0,0,0,0,0,1,0,0,0,0,0,0,0,0,0,1
12.0,108.0,120.0,16080.0,135,1620.0,200,9.93,0,0,0,0,1,0,0,0,1,0,0,0,0,0,0,0,0,1,0,0,0,0,0,0,0,0,1,0
18.3,40.0,150.0,2350.0,48,878.4,421,2.68,0,0,0,0,0,0,0,0,0,0,0,0,0,1,0,0,0,0,0,0,0,0,0,0,0,0,0,0
18.3,100.0,150.0,1230.0,9,164.7,31,7.47,0,0,0,0,1,0,0,0,0,0,0,0,0,1,0,0,0,1,0,0,0,0,0,0,0,0,0,1
9.0,40.0,70.0,5280.0,90,810.0,3636,6.52,0,0,0,0,0,0,0,0,0,0,0,1,0,0,0,0,0,0,0,0,0,0,1,0,0,0,0,1
18.3,150.0,150.0,3150.0,21,384.3,0,8.2,1,0,0,0,0,0,0,0,0,0,0,0,0,1,0,0,1,0,0,0,0,0,0,0,0,0,1,0
9.0,50.0,50.0,1350.0,27,243.0,120,5.56,0,0,0,0,0,0,0,0,0,0,0,1,0,0,0,0,0,0,0,0,0,1,0,0,0,0,0,0
9.0,45.0,55.0,3545.0,76,684.0,601,5.18,0,0,0,0,0,1,0,0,0,0,0,1,0,0,0,0,0,0,0,0,1,0,0,0,0,0,0,0
400.0,2000.0,2000.0,76000.0,38,15200.0,39,5.0,0,0,0,0,0,0,0,0,0,0,1,0,0,0,0,0,0,1,0,0,0,0,0,0,0,0,0,1
12.0,96.0,96.0,6144.0,64,768.0,128,8.0,0,0,0,0,1,0,0,1,0,0,0,0,0,0,0,0,1,0,0,0,0,0,0,0,0,0,0,0
9.0,52.0,80.0,26185.0,471,4239.0,9,6.18,0,0,0,0,1,0,0,0,0,0,0,1,0,0,0,0,0,0,0,0,0,0,1,0,0,0,0,1
9.0,60.0,70.0,8745.0,140,1260.0,1,6.94,1,0,0,0,0,0,0,0,0,0,0,1,0,0,0,0,0,0,0,0,0,0,1,0,0,0,1,0
12.0,84.0,120.0,33732.0,348,4176.0,3131,8.08,0,0,0,0,0,0,0,1,0,0,0,0,0,0,0,0,0,1,0,0,0,0,0,0,0,0,1,0
18.3,140.0,140.0,2660.0,19,347.7,111,7.65,0,0,0,0,0,1,0,0,0,0,0,0,0,1,0,0,0,0,0,1,0,0,0,0,0,0,1,0
18.3,200.0,200.0,5600.0,28,512.4,68,10.93,0,0,0,0,0,0,0,0,0,0,0,0,0,1,0,0,1,0,0,0,0,0,0,0,0,0,1,0
400.0,1800.0,2000.0,9600.0,5,2000.0,13,4.8,0,0,0,0,0,0,0,0,0,0,1,0,0,0,0,0,0,0,0,0,0,0,1,0,0,0,0,1
9.0,60.0,60.0,540.0,9,81.0,414,6.67,0,0,0,0,0,0,0,0,0,0,0,1,0,0,0,0,0,0,0,0,1,0,0,0,0,0,0,1
18.3,180.0,200.0,11070.0,60,1098.0,38,10.08,0,0,0,0,1,0,0,0,0,0,0,0,0,1,0,0,0,0,0,0,0,0,0,0,0,0,0,1
18.3,200.0,200.0,2200.0,11,201.3,0,10.93,0,0,0,0,0,0,0,0,0,0,0,0,0,1,0,0,0,0,0,1,0,0,0,0,0,0,0,1
9.0,40.0,50.0,4100.0,100,900.0,0,4.56,0,0,0,0,0,1,0,0,0,0,0,1,0,0,0,0,0,0,0,0,0,0,0,1,0,0,0,1
18.3,120.0,160.0,2440.0,17,311.1,96,7.84,0,0,0,0,1,0,0,0,0,0,0,0,0,1,0,0,0,0,0,1,0,0,0,0,0,0,1,0
9.0,50.0,65.0,10820.0,189,1701.0,1948,6.36,0,0,0,0,0,0,0,0,0,0,0,1,0,0,0,0,0,0,0,0,0,0,1,0,0,0,0,1
18.3,130.0,150.0,10010.0,72,1317.6,837,7.6,0,0,0,0,0,0,0,0,0,0,0,0,0,1,0,0,0,1,0,0,0,0,0,0,0,0,0,1
18.3,100.0,160.0,12920.0,90,1647.0,250,7.84,0,0,0,0,0,0,0,0,0,0,0,0,0,1,0,0,1,0,0,0,0,0,0,0,0,0,0,1
18.3,120.0,160.0,20920.0,158,2891.4,362,7.24,0,0,0,0,0,0,0,0,0,0,0,0,0,1,0,0,0,0,0,1,0,0,0,0,0,0,0,0
9.0,40.0,40.0,8000.0,200,1800.0,176,4.44,0,0,0,0,0,1,0,0,0,0,0,1,0,0,0,0,0,0,0,0,0,0,1,0,0,0,0,1
3.0,17.0,18.0,13700.0,800,2400.0,1400,5.71,0,0,0,0,1,0,0,0,0,0,0,0,0,0,0,0,0,1,0,0,0,0,0,0,0,0,0,0
18.3,50.0,160.0,10020.0,84,1537.2,562,6.52,0,0,0,0,0,0,0,0,0,0,0,0,0,1,0,0,0,0,0,0,0,0,0,0,0,0,0,0
18.3,70.0,160.0,249520.0,1946,35611.8,3359,7.01,0,0,0,0,0,0,0,0,0,0,0,0,0,1,0,0,0,1,0,0,0,0,0,0,0,0,0,1
18.3,100.0,150.0,26700.0,265,4849.5,13,5.51,0,0,0,0,0,1,0,0,0,0,0,0,0,1,0,0,0,0,0,0,0,0,0,0,0,0,1,0
9.0,40.0,40.0,4720.0,118,1062.0,1012,4.44,0,0,0,0,0,0,0,0,0,0,0,1,0,0,0,0,0,0,0,0,0,1,0,0,0,0,0,0
9.0,60.0,60.0,720.0,12,108.0,0,6.67,0,0,0,0,0,0,0,0,0,0,0,1,0,0,0,0,0,0,0,0,1,0,0,0,0,0,1,0
18.3,200.0,240.0,1320.0,6,109.8,631,12.02,0,0,0,0,0,0,0,0,0,0,0,0,0,1,0,0,0,0,0,0,0,0,0,0,0,0,1,0
18.3,170.0,180.0,15350.0,88,1610.4,1171,9.53,0,0,0,0,0,0,0,0,0,0,0,0,0,1,0,0,0,1,0,0,0,0,0,0,0,0,1,0
18.3,160.0,170.0,1480.0,9,164.7,209,8.99,0,0,0,0,0,0,0,0,0,0,0,0,0,1,0,0,0,0,0,1,0,0,0,0,0,1,0,0
18.3,140.0,220.0,13900.0,68,1244.4,95,11.17,0,0,0,0,1,0,0,0,0,0,0,0,0,1,0,0,0,0,0,1,0,0,0,0,0,0,1,0
12.0,96.0,144.0,249276.0,2192,26304.0,240,9.48,0,0,0,0,0,0,0,1,0,0,0,0,0,0,0,0,0,1,0,0,0,0,0,0,0,0,1,0
18.3,150.0,170.0,7600.0,50,915.0,2594,8.31,0,0,0,0,0,0,0,0,0,0,0,0,0,1,0,0,1,0,0,0,0,0,0,0,0,0,0,0
9.0,40.0,40.0,600.0,15,135.0,954,4.44,0,0,0,0,1,0,0,0,0,0,0,1,0,0,0,0,0,0,0,0,0,0,1,0,0,0,0,0
9.0,50.0,70.0,540.0,8,72.0,176,7.5,0,0,0,0,0,0,0,0,0,0,0,1,0,0,0,0,0,0,0,0,0,1,0,0,0,0,1,0
18.3,150.0,180.0,36540.0,224,4099.2,94,8.91,0,0,0,0,0,0,0,0,0,0,0,0,0,1,0,0,1,0,0,0,0,0,0,0,0,0,0,0
18.3,128.0,170.0,67050.0,463,8472.9,1417,7.91,0,0,0,0,1,0,0,0,0,0,0,0,0,1,0,0,0,0,0,0,0,0,0,0,0,0,0,0
18.3,160.0,180.0,41600.0,252,4611.6,0,9.02,0,0,0,0,1,0,0,0,0,0,0,0,0,1,0,0,0,0,0,0,0,0,0,0,0,0,0,1
12.0,50.0,96.0,7963.0,96,1152.0,0,6.91,1,0,0,0,0,0,0,1,0,0,0,0,0,0,0,0,1,0,0,0,0,0,0,0,0,0,0,1
9.0,40.0,40.0,8000.0,200,1800.0,0,4.44,0,0,0,0,0,1,0,0,0,0,0,1,0,0,0,0,0,0,0,0,0,1,0,0,0,0,0,1
18.3,170.0,170.0,170.0,1,18.3,3,9.29,0,0,0,0,1,0,0,0,0,0,0,0,0,1,0,0,0,0,0,1,0,0,0,0,0,0,0,1
9.0,37.0,70.0,17329.0,342,3078.0,306,5.63,0,0,0,0,0,0,0,0,0,0,0,1,0,0,0,0,0,0,0,0,1,0,0,0,0,0,0,1
400.0,2200.0,2200.0,52800.0,24,9600.0,0,5.5,0,0,0,0,0,0,0,0,0,0,1,0,0,0,0,0,0,1,0,0,0,0,0,0,0,0,1,0
12.0,65.0,65.0,65.0,1,12.0,124,5.42,1,0,0,0,0,0,0,1,0,0,0,0,0,0,0,0,1,0,0,0,0,0,0,0,0,0,0,0
9.0,40.0,60.0,460.0,11,99.0,1255,4.65,0,0,0,0,0,0,0,0,0,0,0,1,0,0,0,0,0,0,0,0,0,0,0,0,1,0,0,0
18.3,180.0,180.0,1620.0,9,164.7,43,9.84,0,0,0,0,1,0,0,0,0,0,0,0,0,1,0,0,0,0,0,0,0,0,0,0,0,0,0,1
9.0,55.0,60.0,1385.0,25,225.0,425,6.16,1,0,0,0,0,0,0,0,0,0,0,1,0,0,0,0,0,0,0,0,0,1,0,0,0,0,0,1
11.0,60.0,65.0,6785.0,113,1243.0,430,5.46,0,0,0,0,0,0,0,0,0,0,0,0,1,0,0,0,0,0,0,0,0,0,1,0,0,0,0,1
9.0,10.0,10.0,10.0,1,9.0,1,1.11,0,1,0,0,0,0,0,0,0,0,0,1,0,0,0,0,0,0,0,0,0,0,1,0,0,0,0,1
11.0,60.0,70.0,51100.0,800,8800.0,0,5.81,0,0,0,0,0,0,0,0,0,0,0,0,1,0,0,0,0,0,0,0,0,1,0,0,0,0,0,1
12.0,112.0,120.0,3256.0,29,348.0,17,9.36,0,0,0,0,0,0,0,1,0,0,0,0,0,0,0,0,1,0,0,0,0,0,0,0,0,0,0,0
9.0,80.0,80.0,80.0,1,9.0,0,8.89,0,0,0,0,0,1,0,0,0,0,0,1,0,0,0,0,0,0,0,0,0,1,0,0,0,0,0,1
12.0,102.0,102.0,918.0,9,108.0,346,8.5,0,0,0,0,0,1,0,0,1,0,0,0,0,0,0,0,0,1,0,0,0,0,0,0,0,0,0,0
18.3,100.0,180.0,760.0,5,91.5,309,8.31,0,0,0,0,0,0,0,0,0,0,0,0,0,1,0,0,0,0,0,0,0,0,0,0,0,0,0,1
18.3,160.0,160.0,7840.0,49,896.7,317,8.74,0,0,0,0,0,0,0,0,0,0,0,0,0,1,0,0,1,0,0,0,0,0,0,0,0,0,0,0
400.0,2000.0,2000.0,2000.0,1,400.0,11,5.0,0,0,0,0,1,0,0,0,0,0,1,0,0,0,0,0,0,1,0,0,0,0,0,0,0,0,0,1
9.0,40.0,40.0,400.0,10,90.0,64,4.44,0,0,0,0,0,1,0,0,0,0,0,1,0,0,0,0,0,0,0,0,0,0,1,0,0,0,0,1
6.3,10.0,10.0,10.0,1,6.3,0,1.59,0,1,0,0,0,0,1,0,0,0,0,0,0,0,0,0,0,0,0,0,0,0,1,0,0,0,0,1
18.3,170.0,180.0,5010.0,29,530.7,125,9.44,0,0,0,0,0,0,0,0,0,0,0,0,0,1,0,0,0,0,0,1,0,0,0,0,0,0,0,0
12.0,70.0,70.0,280.0,4,48.0,6,5.83,1,0,0,0,0,0,0,1,0,0,0,0,0,0,0,0,0,1,0,0,0,0,0,0,0,0,0,1
18.3,150.0,160.0,68350.0,452,8271.6,0,8.26,0,0,0,0,1,0,0,0,0,0,0,0,0,1,0,0,0,0,0,0,0,0,0,0,0,0,1,0
9.0,60.0,70.0,1340.0,20,180.0,179,7.44,0,0,0,0,0,0,0,0,0,0,0,1,0,0,0,0,0,0,0,0,0,1,0,0,0,0,0,1
12.0,60.0,120.0,103124.0,1164,13968.0,1040,7.38,0,0,0,0,0,0,0,1,0,0,0,0,0,0,0,0,0,1,0,0,0,0,0,0,0,0,0,0
9.0,37.0,70.0,26359.0,520,4680.0,306,5.63,0,0,0,0,0,0,0,0,0,0,0,1,0,0,0,0,0,0,0,0,1,0,0,0,0,0,0,1
9.0,40.0,55.0,2800.0,67,603.0,1958,4.64,0,0,0,0,0,0,0,0,0,0,0,1,0,0,0,0,0,0,0,0,0,0,1,0,0,0,0,0
9.0,60.0,65.0,2285.0,38,342.0,1171,6.68,0,0,0,0,0,0,0,0,0,0,0,1,0,0,0,0,0,0,0,0,0,1,0,0,0,0,0,0
12.0,88.0,104.0,4934.0,54,648.0,328,7.61,0,0,0,0,0,0,0,1,0,0,0,0,0,0,0,0,0,0,0,0,0,0,0,0,0,0,0,1
9.0,42.0,60.0,1824.0,43,387.0,88,4.71,1,0,0,0,0,0,0,0,0,0,0,1,0,0,0,0,0,0,0,0,1,0,0,0,0,0,0,1
12.0,120.0,128.0,17518.0,145,1740.0,97,10.07,0,0,0,0,1,0,0,1,0,0,0,0,0,0,0,0,1,0,0,0,0,0,0,0,0,0,0,1
18.3,150.0,180.0,46980.0,310,5673.0,52,8.28,0,0,0,0,1,0,0,0,0,0,0,0,0,1,0,0,0,0,0,0,0,0,0,0,0,0,0,1
12.0,72.0,72.0,144.0,2,24.0,146,6.0,1,0,0,0,0,0,0,1,0,0,0,0,0,0,0,0,1,0,0,0,0,0,0,0,0,0,0,1
9.0,30.0,50.0,2960.0,74,666.0,104,4.44,0,0,0,0,0,0,0,0,0,0,0,1,0,0,0,0,0,0,0,0,0,0,0,1,0,0,0,0
9.0,40.0,55.0,2775.0,69,621.0,0,4.47,1,0,0,0,0,0,0,0,0,0,0,1,0,0,0,0,0,0,0,0,0,1,0,0,0,0,0,1
9.0,35.0,50.0,1295.0,34,306.0,76,4.23,0,0,0,0,0,1,0,0,0,0,0,1,0,0,0,0,0,0,0,0,1,0,0,0,0,0,0,1
9.0,35.0,50.0,1145.0,31,279.0,76,4.1,0,0,0,0,0,1,0,0,0,0,0,1,0,0,0,0,0,0,0,0,1,0,0,0,0,0,0,1
12.0,78.0,96.0,16970.0,213,2556.0,129,6.64,0,0,0,0,0,0,0,0,1,0,0,0,0,0,0,0,0,1,0,0,0,0,0,0,0,0,0,1
9.0,50.0,60.0,500.0,9,81.0,968,6.17,0,0,0,0,0,0,0,0,0,0,0,1,0,0,0,0,0,0,0,0,1,0,0,0,0,1,0,0
12.0,72.0,72.0,1296.0,18,216.0,4,6.0,1,0,0,0,0,0,0,1,0,0,0,0,0,0,0,0,0,1,0,0,0,0,0,0,0,0,0,0
18.3,140.0,140.0,280.0,2,36.6,390,7.65,0,0,0,0,0,0,0,0,0,0,0,0,0,1,0,0,0,1,0,0,0,0,0,0,0,0,0,0
18.3,150.0,200.0,7700.0,50,915.0,1211,8.42,0,0,0,0,0,0,0,0,0,0,0,0,0,1,0,0,1,0,0,0,0,0,0,0,0,0,1,0
9.0,52.0,60.0,16994.0,305,2745.0,440,6.19,0,0,0,0,0,0,0,0,0,0,0,1,0,0,0,0,0,0,0,0,0,0,1,0,0,0,0,0
9.0,70.0,70.0,560.0,8,72.0,82,7.78,0,0,0,0,0,0,0,0,0,0,0,1,0,0,0,0,0,0,0,0,0,1,0,0,0,0,0,1
9.0,20.0,20.0,180.0,9,81.0,6,2.22,0,1,0,0,0,0,0,0,0,0,0,1,0,0,0,0,0,0,0,0,0,0,1,0,0,0,1,0
400.0,150.0,150.0,300.0,2,800.0,0,0.38,0,1,0,0,0,0,0,0,0,0,1,0,0,0,0,0,0,0,0,0,0,0,1,0,0,0,1,0
18.3,140.0,160.0,101160.0,669,12242.7,0,8.26,0,0,0,0,1,0,0,0,0,0,0,0,0,1,0,0,0,0,0,0,0,0,0,0,0,0,1,0
11.0,60.0,70.0,41060.0,596,6556.0,44,6.26,0,0,0,0,0,0,0,0,0,0,0,0,1,0,0,0,0,0,0,0,0,1,0,0,0,0,0,1
12.0,50.0,112.0,47180.0,520,6240.0,3353,7.56,0,0,0,0,0,0,0,1,0,0,0,0,0,0,0,0,0,1,0,0,0,0,0,0,0,1,0,0
18.3,140.0,150.0,590.0,4,73.2,1048,8.06,0,0,0,0,0,0,0,0,0,0,0,0,0,1,0,0,1,0,0,0,0,0,0,0,0,0,0,0
9.0,60.0,70.0,130.0,2,18.0,8,7.22,0,0,0,0,0,0,0,0,0,0,0,1,0,0,0,0,0,0,0,0,0,0,0,0,1,0,0,1
18.3,100.0,170.0,44110.0,280,5124.0,1282,8.61,0,0,0,0,0,0,0,0,0,0,0,0,0,1,0,0,0,0,0,0,0,0,0,0,0,1,0,0
18.3,200.0,220.0,36580.0,178,3257.4,75,11.23,0,0,0,0,0,0,0,0,0,0,0,0,0,1,0,0,1,0,0,0,0,0,0,0,0,0,1,0
18.3,150.0,170.0,118390.0,781,14292.3,169,8.28,0,0,0,0,1,0,0,0,0,0,0,0,0,1,0,0,0,0,0,0,0,0,0,0,0,0,0,0
9.0,55.0,60.0,48615.0,833,7497.0,117,6.48,0,0,0,0,0,0,0,0,0,0,0,1,0,0,0,0,0,0,0,0,0,1,0,0,0,0,0,0
12.0,96.0,96.0,1632.0,17,204.0,247,8.0,0,0,0,0,0,0,0,0,1,0,0,0,0,0,0,0,0,1,0,0,0,0,0,0,0,0,0,1
9.0,40.0,60.0,4855.0,103,927.0,0,5.24,1,0,0,0,0,0,0,0,0,0,0,1,0,0,0,0,0,0,0,0,0,1,0,0,0,0,0,1
12.5,130.0,130.0,130.0,1,12.5,139,10.4,0,0,0,0,0,0,0,0,0,0,0,0,0,0,1,0,1,0,0,0,0,0,0,0,0,0,1,0
18.3,110.0,190.0,47520.0,312,5709.6,543,8.32,0,0,0,0,0,0,0,0,0,0,0,0,0,1,0,0,0,0,0,0,0,0,0,0,0,0,0,0
11.0,60.0,70.0,2310.0,37,407.0,543,5.68,0,0,0,0,0,0,0,0,0,0,0,0,1,0,0,0,0,0,0,0,0,0,1,0,0,0,0,1
400.0,1900.0,1900.0,110200.0,58,23200.0,97,4.75,0,0,0,0,0,0,0,0,0,0,1,0,0,0,0,0,0,1,0,0,0,0,0,0,0,0,0,1
12.0,104.0,104.0,26624.0,256,3072.0,192,8.67,0,0,0,0,1,0,0,1,0,0,0,0,0,0,0,0,0,1,0,0,0,0,0,0,0,0,0,0
12.0,50.0,96.0,33054.0,451,5412.0,659,6.11,0,0,0,0,0,0,0,1,0,0,0,0,0,0,0,0,0,1,0,0,0,0,0,0,0,0,0,1
12.0,40.0,120.0,39916.0,440,5280.0,840,7.56,0,0,0,0,0,0,0,1,0,0,0,0,0,0,0,0,0,1,0,0,0,0,0,0,0,0,0,0
11.0,70.0,70.0,24220.0,346,3806.0,54,6.36,0,0,0,0,0,0,0,0,0,0,0,0,1,0,0,0,0,0,0,0,0,1,0,0,0,0,0,1
12.0,112.0,144.0,77704.0,581,6972.0,451,11.15,0,0,0,0,0,0,0,1,0,0,0,0,0,0,0,0,1,0,0,0,0,0,0,0,0,0,1,0
11.0,60.0,60.0,2940.0,49,539.0,0,5.45,0,0,0,0,0,0,0,0,0,0,0,0,1,0,0,0,0,0,0,0,0,0,1,0,0,0,0,1
12.0,40.0,120.0,286178.0,3305,39660.0,3362,7.22,0,0,0,0,0,0,0,1,0,0,0,0,0,0,0,0,0,1,0,0,0,0,0,0,0,0,0,1
11.0,40.0,50.0,490.0,11,121.0,145,4.05,0,0,0,0,0,0,0,0,0,0,0,0,1,0,0,0,0,0,0,0,0,1,0,0,0,0,1,0
18.3,100.0,100.0,1100.0,11,201.3,18,5.46,0,0,0,0,1,0,0,0,0,0,0,0,0,1,0,0,0,0,0,0,0,0,0,0,0,0,0,1
12.0,60.0,128.0,14208.0,142,1704.0,487,8.34,0,0,0,0,0,0,0,1,0,0,0,0,0,0,0,0,1,0,0,0,0,0,0,0,0,0,1,0
9.0,25.0,60.0,510.0,19,171.0,0,2.98,1,0,0,0,0,0,0,0,0,0,0,1,0,0,0,0,0,0,0,0,1,0,0,0,0,0,0,1
9.0,50.0,50.0,200.0,4,36.0,5310,5.56,0,0,0,0,0,0,0,0,0,0,0,1,0,0,0,0,0,0,0,0,0,0,1,0,0,0,0,0
12.0,80.0,80.0,4400.0,55,660.0,9,6.67,0,0,0,0,1,0,0,0,1,0,0,0,0,0,0,0,0,1,0,0,0,0,0,0,0,0,0,1
9.0,38.0,40.0,2158.0,54,486.0,10,4.44,0,0,0,1,0,0,0,0,0,0,0,1,0,0,0,0,0,0,0,0,0,0,1,0,0,0,0,1
18.3,100.0,200.0,144680.0,932,17055.6,789,8.48,0,0,0,0,0,0,0,0,0,0,0,0,0,1,0,0,0,0,0,0,0,0,0,0,0,0,0,1
12.0,30.0,70.0,5284.0,106,1272.0,56,4.15,1,0,0,0,0,0,0,1,0,0,0,0,0,0,0,0,1,0,0,0,0,0,0,0,0,0,0,1
18.3,120.0,130.0,6190.0,50,915.0,312,6.77,0,0,0,0,0,0,0,0,0,0,0,0,0,1,0,0,1,0,0,0,0,0,0,0,0,0,1,0
12.0,92.0,128.0,147384.0,1467,17604.0,1432,8.37,0,0,0,0,0,0,0,1,0,0,0,0,0,0,0,0,0,1,0,0,0,0,0,0,0,0,0,0
400.0,2100.0,2100.0,8400.0,4,1600.0,95,5.25,0,0,0,0,0,0,0,0,0,0,1,0,0,0,0,0,0,1,0,0,0,0,0,0,0,0,0,0
12.0,84.0,102.0,27288.0,324,3888.0,35,7.02,0,0,0,0,0,1,0,0,1,0,0,0,0,0,0,0,0,1,0,0,0,0,0,0,0,0,0,0
18.3,170.0,170.0,510.0,3,54.9,44,9.29,0,0,0,0,0,0,0,0,0,0,0,0,0,1,0,0,0,0,0,0,0,0,0,0,0,0,1,0
18.3,96.0,160.0,3790.0,27,494.1,1690,7.67,0,0,0,0,1,0,0,0,0,0,0,0,0,1,0,0,0,0,0,1,0,0,0,0,0,0,0,0
400.0,2000.0,2000.0,18000.0,9,3600.0,28,5.0,0,0,0,0,0,0,0,0,0,0,1,0,0,0,0,0,0,1,0,0,0,0,0,0,0,0,0,1
400.0,1800.0,1800.0,5400.0,3,1200.0,0,4.5,0,0,0,0,0,0,0,0,0,0,1,0,0,0,0,0,0,1,0,0,0,0,0,0,0,1,0,0
9.0,30.0,55.0,10067.0,194,1746.0,357,5.77,0,0,0,0,1,0,0,0,0,0,0,1,0,0,0,0,0,0,0,0,1,0,0,0,0,1,0,0
400.0,1800.0,1800.0,1800.0,1,400.0,5,4.5,0,0,0,0,1,0,0,0,0,0,1,0,0,0,0,0,1,0,0,0,0,0,0,0,0,0,0,1
9.0,60.0,70.0,8610.0,136,1224.0,32,7.03,1,0,0,0,0,0,0,0,0,0,0,1,0,0,0,0,0,0,0,0,0,0,1,0,0,0,1,0
9.0,40.0,40.0,3920.0,98,882.0,102,4.44,0,0,0,0,0,1,0,0,0,0,0,1,0,0,0,0,0,0,0,0,0,0,1,0,0,0,0,1
400.0,1500.0,1900.0,7000.0,4,1600.0,18,4.38,0,0,0,0,0,0,0,0,0,0,1,0,0,0,0,0,1,0,0,0,0,0,0,0,0,0,0,0
18.3,160.0,180.0,12500.0,73,1335.9,425,9.36,0,0,0,0,0,0,0,0,0,0,0,0,0,1,0,0,0,0,0,1,0,0,0,0,0,1,0,0
12.0,120.0,120.0,1200.0,10,120.0,118,10.0,0,0,0,0,1,0,0,0,1,0,0,0,0,0,0,0,1,0,0,0,0,0,0,0,0,0,0,1
12.0,112.0,128.0,20216.0,169,2028.0,151,9.97,0,0,0,0,1,0,0,1,0,0,0,0,0,0,0,0,0,1,0,0,0,0,0,0,0,0,0,1
18.3,90.0,150.0,9030.0,73,1335.9,1009,6.76,0,0,0,0,0,0,0,0,0,0,0,0,0,1,0,0,0,1,0,0,0,0,0,0,0,0,0,0
9.0,60.0,65.0,3660.0,60,540.0,219,6.78,1,0,0,0,0,0,0,0,0,0,0,1,0,0,0,0,0,0,0,0,0,1,0,0,0,0,0,1
12.0,54.0,72.0,3972.0,66,792.0,393,5.02,1,0,0,0,0,0,0,1,0,0,0,0,0,0,0,0,0,1,0,0,0,0,0,0,0,0,0,0
9.0,20.0,20.0,2300.0,115,1035.0,0,2.22,0,0,0,0,0,0,0,0,0,0,0,1,0,0,0,0,0,0,0,0,0,0,1,0,0,0,0,0
18.3,150.0,160.0,22140.0,146,2671.8,529,8.29,0,0,0,0,0,0,0,0,0,0,0,0,0,1,0,0,0,1,0,0,0,0,0,0,0,0,0,1
18.3,100.0,170.0,120402.0,796,14566.8,472,8.27,0,0,0,0,0,0,0,0,0,0,0,0,0,1,0,0,1,0,0,0,0,0,0,0,0,0,0,1
3.0,5.0,5.0,500.0,100,300.0,0,1.67,0,1,0,0,0,0,0,0,0,0,0,0,0,0,0,0,0,1,0,0,0,0,0,0,0,0,0,1
400.0,800.0,1000.0,1800.0,2,800.0,1,2.25,0,1,0,0,0,0,0,0,0,0,1,0,0,0,0,0,0,0,0,0,0,0,1,0,0,0,0,1
400.0,2000.0,2200.0,56000.0,27,10800.0,14,5.19,0,0,0,0,0,0,0,0,0,0,1,0,0,0,0,0,0,1,0,0,0,0,0,0,0,0,0,0
12.0,100.0,120.0,220.0,2,24.0,153,9.17,0,0,0,0,0,0,0,1,0,0,0,0,0,0,0,0,1,0,0,0,0,0,0,0,0,0,1,0
12.0,20.0,120.0,138150.0,1534,18408.0,144,7.5,0,0,0,0,0,0,0,1,0,0,0,0,0,0,0,0,0,1,0,0,0,0,0,0,0,0,0,1
9.0,25.0,60.0,510.0,19,171.0,0,2.98,1,0,0,0,0,0,0,0,0,0,0,1,0,0,0,0,0,0,0,0,1,0,0,0,0,0,0,1
12.0,40.0,200.0,99673.0,1519,18228.0,6017,5.47,0,0,0,0,0,0,0,1,0,0,0,0,0,0,0,0,0,1,0,0,0,0,0,0,0,0,1,0
18.3,180.0,180.0,180.0,1,18.3,12,9.84,0,0,0,0,1,0,0,0,0,0,0,0,0,1,0,0,0,0,0,0,0,0,0,0,0,0,0,1
9.0,60.0,70.0,1480.0,23,207.0,247,7.15,1,0,0,0,0,0,0,0,0,0,0,1,0,0,0,0,0,0,0,0,0,0,1,0,0,0,1,0
9.0,50.0,50.0,250.0,5,45.0,0,5.56,0,0,0,0,1,0,0,0,0,0,0,1,0,0,0,0,0,0,0,0,0,0,1,0,0,1,0,0
11.0,60.0,60.0,4800.0,80,880.0,0,5.45,0,0,0,0,0,0,0,0,0,0,0,0,1,0,0,0,0,0,0,0,0,0,0,1,0,0,0,1
3.0,20.0,20.0,6000.0,300,900.0,0,6.67,0,0,0,0,0,1,0,0,0,0,0,0,0,0,0,0,0,1,0,0,0,0,0,0,0,1,0,0
18.3,120.0,160.0,91530.0,695,12718.5,2958,7.2,0,0,0,0,0,0,0,0,0,0,0,0,0,1,0,0,0,1,0,0,0,0,0,0,0,0,0,1
12.0,100.0,100.0,10900.0,109,1308.0,54,8.33,0,0,0,0,0,0,0,1,0,0,0,0,0,0,0,0,0,1,0,0,0,0,0,0,0,0,1,0
12.0,120.0,120.0,720.0,6,72.0,564,10.0,0,0,0,0,0,0,0,0,1,0,0,0,0,0,0,0,0,1,0,0,0,0,0,0,0,0,0,1
18.3,140.0,160.0,14540.0,97,1775.1,113,8.19,0,0,0,0,0,0,0,0,0,0,0,0,0,1,0,0,1,0,0,0,0,0,0,0,0,1,0,0
9.0,38.0,50.0,4200.0,108,972.0,481,4.32,0,0,0,0,0,1,0,0,0,0,0,1,0,0,0,0,0,0,0,0,0,0,1,0,0,0,0,1
400.0,1800.0,2000.0,97700.0,54,21600.0,60,4.52,0,0,0,0,0,0,0,0,0,0,1,0,0,0,0,0,0,1,0,0,0,0,0,0,0,0,0,0
3.0,5.0,10.0,25.0,3,9.0,1,2.78,0,1,0,0,0,0,0,0,0,0,0,0,0,0,0,0,0,0,0,0,0,0,1,0,0,0,0,1
9.0,55.0,55.0,55.0,1,9.0,69,6.11,1,0,0,0,0,0,0,0,0,0,0,1,0,0,0,0,0,0,0,0,0,1,0,0,0,0,0,1
18.3,100.0,160.0,11550.0,94,1720.2,469,6.71,0,0,0,0,0,0,0,0,0,0,0,0,0,1,0,0,0,0,0,0,0,0,0,0,0,0,0,0
9.0,40.0,65.0,47575.0,923,8307.0,0,5.73,0,0,0,0,0,0,0,0,0,0,0,1,0,0,0,0,0,0,0,0,0,0,1,0,0,0,0,1
9.0,30.0,60.0,18049.0,326,2934.0,353,6.15,0,0,0,0,0,0,0,0,0,0,0,1,0,0,0,0,0,0,0,0,0,0,1,0,0,0,0,0
12.0,40.0,64.0,1608.0,32,384.0,0,4.19,1,0,0,0,0,0,0,1,0,0,0,0,0,0,0,0,0,1,0,0,0,0,0,0,0,0,0,1
12.0,112.0,112.0,896.0,8,96.0,279,9.33,0,0,0,0,1,0,0,1,0,0,0,0,0,0,0,0,0,1,0,0,0,0,0,0,0,1,0,0
18.3,100.0,150.0,35280.0,274,5014.2,2099,7.04,0,0,0,0,0,0,0,0,0,0,0,0,0,1,0,0,0,1,0,0,0,0,0,0,0,0,0,1
18.3,120.0,160.0,14720.0,102,1866.6,349,7.89,0,0,0,0,0,0,0,0,0,0,0,0,0,1,0,0,1,0,0,0,0,0,0,0,0,0,0,1
18.3,100.0,160.0,76500.0,558,10211.4,842,7.49,0,0,0,0,0,0,0,0,0,0,0,0,0,1,0,0,0,0,0,0,0,0,0,0,0,0,0,0
9.0,30.0,50.0,380.0,8,72.0,7,5.28,0,0,0,0,0,0,0,0,0,0,0,1,0,0,0,0,0,0,0,0,0,0,0,1,0,0,0,0
18.3,100.0,140.0,8504.0,73,1335.9,1574,6.37,0,0,0,0,1,0,0,0,0,0,0,0,0,1,0,0,0,0,0,1,0,0,0,0,0,0,0,0
9.0,70.0,80.0,5820.0,83,747.0,7,7.79,0,0,0,0,1,0,0,0,0,0,0,1,0,0,0,0,0,0,0,0,1,0,0,0,0,0,0,0
18.3,80.0,180.0,10960.0,81,1482.3,109,7.39,0,0,0,0,0,0,0,0,0,0,0,0,0,1,0,0,1,0,0,0,0,0,0,0,0,0,0,1
18.3,30.0,120.0,16590.0,251,4593.3,757,3.61,0,0,0,0,0,0,0,0,0,0,0,0,0,1,0,0,0,1,0,0,0,0,0,0,0,0,0,0
12.0,92.0,104.0,48896.0,513,6156.0,477,7.94,0,0,0,0,1,0,0,1,0,0,0,0,0,0,0,0,0,1,0,0,0,0,0,0,0,0,0,0
12.0,72.0,72.0,9216.0,128,1536.0,0,6.0,0,0,0,1,0,0,0,1,0,0,0,0,0,0,0,0,0,1,0,0,0,0,0,0,0,0,0,1
12.0,88.0,104.0,7208.0,80,960.0,176,7.51,0,0,0,0,1,0,0,1,0,0,0,0,0,0,0,0,1,0,0,0,0,0,0,0,0,0,0,0
12.0,112.0,112.0,1456.0,13,156.0,190,9.33,0,0,0,0,0,0,0,1,0,0,0,0,0,0,0,0,1,0,0,0,0,0,0,0,0,0,0,1
12.0,72.0,112.0,51718.0,653,7836.0,801,6.6,0,0,0,0,0,0,0,1,0,0,0,0,0,0,0,0,0,1,0,0,0,0,0,0,0,0,0,1
18.3,160.0,170.0,20530.0,128,2342.4,280,8.76,0,0,0,0,0,0,0,0,0,0,0,0,0,1,0,0,1,0,0,0,0,0,0,0,0,0,0,1
9.0,20.0,55.0,24825.0,494,4446.0,489,5.58,0,0,0,0,0,0,0,0,0,0,0,1,0,0,0,0,0,0,0,0,0,0,1,0,0,0,0,0
9.0,50.0,65.0,17390.0,290,2610.0,380,6.66,0,0,0,0,0,0,0,0,0,0,0,1,0,0,0,0,0,0,0,0,0,1,0,0,0,1,0,0
9.0,20.0,50.0,4220.0,205,1845.0,577,2.29,0,0,0,0,0,0,0,0,0,0,0,1,0,0,0,0,0,0,0,0,0,0,1,0,0,0,0,0
12.0,80.0,80.0,1040.0,13,156.0,0,6.67,0,0,0,0,0,1,0,1,0,0,0,0,0,0,0,0,1,0,0,0,0,0,0,0,0,0,0,1
18.3,130.0,170.0,28170.0,193,3531.9,921,7.98,0,0,0,0,0,0,0,0,0,0,0,0,0,1,0,0,0,0,0,0,0,0,0,0,0,1,0,0
11.0,60.0,70.0,9680.0,158,1738.0,582,5.57,0,0,0,0,0,0,0,0,0,0,0,0,1,0,0,0,0,0,0,0,0,0,1,0,0,0,0,0
400.0,1800.0,2200.0,96000.0,45,18000.0,73,5.33,0,0,0,0,0,0,0,0,0,0,1,0,0,0,0,0,0,1,0,0,0,0,0,0,0,0,1,0
12.5,65.0,70.0,135.0,2,25.0,88,5.4,1,0,0,0,0,0,0,0,0,0,0,0,0,0,1,0,1,0,0,0,0,0,0,0,0,0,0,0
9.0,40.0,50.0,11975.0,293,2637.0,57,4.54,0,1,0,0,0,0,0,0,0,0,0,1,0,0,0,0,0,0,0,0,0,0,1,0,0,0,0,1
9.0,40.0,40.0,8000.0,200,1800.0,0,4.44,0,0,0,0,0,1,0,0,0,0,0,1,0,0,0,0,0,0,0,0,0,1,0,0,0,0,0,1
400.0,2200.0,2200.0,59400.0,27,10800.0,0,5.5,0,0,0,0,0,0,0,0,0,0,1,0,0,0,0,0,0,1,0,0,0,0,0,0,0,0,1,0
400.0,1200.0,2000.0,37200.0,19,7600.0,9,4.89,0,0,0,0,0,0,0,0,0,0,1,0,0,0,0,0,0,1,0,0,0,0,0,0,0,0,0,0
18.3,170.0,180.0,2460.0,14,256.2,390,9.6,0,0,0,0,0,0,0,0,0,0,0,0,0,1,0,0,0,0,0,1,0,0,0,0,0,1,0,0
9.0,50.0,50.0,500.0,10,90.0,145,5.56,0,0,0,0,0,1,0,0,0,0,0,1,0,0,0,0,0,0,0,0,0,1,0,0,0,0,0,1
12.0,84.0,90.0,9426.0,109,1308.0,299,7.21,0,0,0,0,0,0,0,0,1,0,0,0,0,0,0,0,0,1,0,0,0,0,0,0,0,0,0,1
9.0,55.0,55.0,825.0,15,135.0,0,6.11,0,0,0,0,0,1,0,0,0,0,0,1,0,0,0,0,0,0,0,0,1,0,0,0,0,1,0,0
18.3,150.0,150.0,16800.0,112,2049.6,7,8.2,0,0,0,0,0,0,0,0,0,0,0,0,0,1,0,0,0,1,0,0,0,0,0,0,0,0,1,0
9.0,60.0,70.0,1030.0,17,153.0,0,6.73,0,0,0,0,1,0,0,0,0,0,0,1,0,0,0,0,0,0,0,0,0,0,1,0,0,0,0,0
9.0,40.0,40.0,4000.0,100,900.0,0,4.44,0,0,0,0,0,1,0,0,0,0,0,1,0,0,0,0,0,0,0,0,0,1,0,0,0,0,0,1
9.0,45.0,55.0,1200.0,26,234.0,103,5.13,0,0,0,0,1,0,0,0,0,0,0,1,0,0,0,0,0,0,0,0,0,0,1,0,0,0,0,1
12.0,112.0,112.0,112.0,1,12.0,64,9.33,0,0,0,0,1,0,0,1,0,0,0,0,0,0,0,0,1,0,0,0,0,0,0,0,0,0,0,1
12.0,52.0,128.0,12256.0,153,1836.0,192,6.68,0,0,0,0,1,0,0,1,0,0,0,0,0,0,0,0,1,0,0,0,0,0,0,0,0,0,0,1
11.0,65.0,70.0,29230.0,429,4719.0,131,6.19,0,0,0,0,0,0,0,0,0,0,0,0,1,0,0,0,0,0,0,0,0,1,0,0,0,0,0,0
12.0,120.0,120.0,2760.0,23,276.0,0,10.0,0,0,0,0,1,0,0,1,0,0,0,0,0,0,0,0,1,0,0,0,0,0,0,0,0,0,0,1
18.3,150.0,150.0,2100.0,14,256.2,289,8.2,0,0,0,0,0,1,0,0,0,0,0,0,0,1,0,0,0,0,0,0,0,0,0,0,0,0,1,0
18.3,110.0,180.0,18320.0,108,1976.4,294,9.27,0,0,0,0,0,0,0,0,0,0,0,0,0,1,0,0,0,0,0,1,0,0,0,0,0,0,0,1
12.0,80.0,112.0,16392.0,194,2328.0,982,7.04,0,0,0,0,0,0,0,1,0,0,0,0,0,0,0,0,1,0,0,0,0,0,0,0,0,0,0,0
18.3,80.0,140.0,880.0,9,164.7,106,5.34,0,0,0,0,0,0,0,0,0,0,0,0,0,1,0,0,0,0,1,0,0,0,0,0,0,0,0,0
12.0,60.0,112.0,58586.0,690,8280.0,1672,7.08,0,0,0,0,0,0,0,1,0,0,0,0,0,0,0,0,0,1,0,0,0,0,0,0,0,0,0,1
12.0,70.0,70.0,70.0,1,12.0,27,5.83,1,0,0,0,0,0,0,1,0,0,0,0,0,0,0,0,0,1,0,0,0,0,0,0,0,0,0,1
9.0,50.0,55.0,4535.0,87,783.0,1094,5.79,0,0,0,0,1,0,0,0,0,0,0,1,0,0,0,0,0,0,0,0,0,1,0,0,0,0,0,0
11.0,30.0,30.0,2040.0,68,748.0,70,2.73,0,0,0,0,0,0,0,0,0,0,0,0,1,0,0,0,0,0,0,0,0,1,0,0,0,0,1,0
18.3,90.0,90.0,360.0,4,73.2,0,4.92,0,0,0,0,1,0,0,0,0,0,0,0,0,1,0,0,0,0,0,1,0,0,0,0,0,0,0,1
18.3,140.0,140.0,420.0,3,54.9,46,7.65,0,0,0,0,0,1,0,0,0,0,0,0,0,1,0,0,0,0,0,0,0,0,0,0,0,0,0,1
12.0,108.0,108.0,1836.0,17,204.0,1,9.0,0,0,0,0,1,0,0,0,1,0,0,0,0,0,0,0,0,1,0,0,0,0,0,0,0,0,0,1
12.0,80.0,104.0,12070.0,128,1536.0,287,7.86,0,0,0,0,0,0,0,1,0,0,0,0,0,0,0,0,1,0,0,0,0,0,0,0,0,0,0,0
12.0,128.0,128.0,512.0,4,48.0,0,10.67,0,0,0,0,1,0,0,1,0,0,0,0,0,0,0,0,0,1,0,0,0,0,0,0,0,0,0,0
9.0,55.0,55.0,2310.0,42,378.0,221,6.11,0,0,0,0,1,0,0,0,0,0,0,1,0,0,0,0,0,0,0,0,1,0,0,0,0,0,0,1
400.0,2200.0,2300.0,11100.0,5,2000.0,13,5.55,0,0,0,0,1,0,0,0,0,0,1,0,0,0,0,0,0,1,0,0,0,0,0,0,0,0,0,1
18.3,100.0,180.0,10450.0,83,1518.9,164,6.88,0,0,0,0,0,0,0,0,0,0,0,0,0,1,0,0,0,0,0,1,0,0,0,0,0,0,0,1
12.0,60.0,90.0,86452.0,1216,14592.0,0,5.92,0,0,0,1,0,0,0,1,0,0,0,0,0,0,0,0,0,1,0,0,0,0,0,0,0,0,0,1
9.0,40.0,55.0,12300.0,303,2727.0,466,4.51,0,0,0,0,0,0,0,0,0,0,0,1,0,0,0,0,0,0,0,0,0,1,0,0,0,0,0,0
400.0,500.0,500.0,3000.0,6,2400.0,12,1.25,0,0,0,0,0,0,0,0,0,0,1,0,0,0,0,0,1,0,0,0,0,0,0,0,0,0,0,0
18.3,100.0,200.0,119750.0,683,12498.9,788,9.58,0,0,0,0,0,0,0,0,0,0,0,0,0,1,0,0,0,0,0,0,0,0,0,0,0,0,1,0
18.3,100.0,170.0,63362.0,419,7667.7,516,8.26,0,0,0,0,0,0,0,0,0,0,0,0,0,1,0,0,1,0,0,0,0,0,0,0,0,0,0,1
12.0,88.0,112.0,21576.0,237,2844.0,1847,7.59,0,0,0,0,0,0,0,1,0,0,0,0,0,0,0,0,1,0,0,0,0,0,0,0,0,0,0,0
12.0,56.0,56.0,3584.0,64,768.0,57,4.67,1,0,0,0,0,0,0,1,0,0,0,0,0,0,0,0,0,1,0,0,0,0,0,0,0,0,0,1
400.0,1500.0,1500.0,1500.0,1,400.0,1,3.75,1,0,0,0,0,0,0,0,0,0,1,0,0,0,0,0,0,1,0,0,0,0,0,0,0,1,0,0
9.0,10.0,10.0,30.0,3,27.0,6,1.11,0,1,0,0,0,0,0,0,0,0,0,1,0,0,0,0,0,0,0,0,0,0,1,0,0,0,1,0
9.0,50.0,50.0,50.0,1,9.0,386,5.56,0,0,0,0,1,0,0,0,0,0,0,1,0,0,0,0,0,0,0,0,1,0,0,0,0,0,0,0
18.3,120.0,200.0,61760.0,408,7466.4,603,8.27,0,0,0,0,0,0,0,0,0,0,0,0,0,1,0,0,0,0,0,0,0,0,0,0,0,0,0,1
9.0,55.0,60.0,20250.0,360,3240.0,0,6.25,0,0,0,0,0,1,0,0,0,0,0,1,0,0,0,0,0,0,0,0,0,1,0,0,0,1,0,0
400.0,1800.0,2000.0,16800.0,9,3600.0,9,4.67,0,0,0,0,0,0,0,0,0,0,1,0,0,0,0,0,0,0,0,0,0,0,1,0,0,0,0,1
18.3,100.0,160.0,6060.0,43,786.9,233,7.7,0,0,0,0,0,0,0,0,0,0,0,0,0,1,0,0,0,0,0,1,0,0,0,0,0,1,0,0
12.0,112.0,180.0,77248.0,550,6600.0,4692,11.7,0,0,0,0,0,0,0,1,0,0,0,0,0,0,0,0,1,0,0,0,0,0,0,0,0,0,1,0
12.0,65.0,70.0,410.0,6,72.0,91,5.69,0,0,0,0,0,0,0,1,0,0,0,0,0,0,0,0,0,0,0,0,0,0,1,0,0,0,0,0
12.0,120.0,120.0,120.0,1,12.0,25,10.0,0,0,0,0,0,0,0,1,0,0,0,0,0,0,0,0,0,1,0,0,0,0,0,0,0,0,1,0
18.3,140.0,160.0,3540.0,25,457.5,608,7.74,0,0,0,0,0,0,0,0,0,0,0,0,0,1,0,0,0,0,0,1,0,0,0,0,0,0,0,0
12.0,108.0,120.0,4900.0,44,528.0,1753,9.28,0,0,0,0,0,0,0,1,0,0,0,0,0,0,0,0,1,0,0,0,0,0,0,0,0,0,0,0
9.0,55.0,55.0,2090.0,38,342.0,2091,6.11,0,0,0,0,1,0,0,0,0,0,0,1,0,0,0,0,0,0,0,0,0,0,1,0,0,0,0,0
18.3,120.0,200.0,7120.0,44,805.2,559,8.84,0,0,0,0,0,0,0,0,0,0,0,0,0,1,0,0,0,0,0,0,0,0,0,0,0,0,0,1
12.0,96.0,104.0,19464.0,197,2364.0,407,8.23,0,0,0,0,1,0,0,1,0,0,0,0,0,0,0,0,0,1,0,0,0,0,0,0,0,0,0,0
18.3,130.0,170.0,6400.0,40,732.0,796,8.74,0,0,0,0,0,0,0,0,0,0,0,0,0,1,0,0,1,0,0,0,0,0,0,0,0,0,1,0
9.0,50.0,60.0,860.0,17,153.0,9,5.62,1,0,0,0,0,0,0,0,0,0,0,1,0,0,0,0,0,0,0,0,0,0,1,0,0,0,0,0
11.0,70.0,70.0,11200.0,160,1760.0,0,6.36,0,0,0,0,0,0,0,0,0,0,0,0,1,0,0,0,0,0,0,0,0,0,1,0,0,0,0,1
18.3,200.0,200.0,14000.0,70,1281.0,75,10.93,0,0,0,0,0,0,0,0,0,0,0,0,0,1,0,0,1,0,0,0,0,0,0,0,0,0,1,0
12.0,64.0,64.0,320.0,5,60.0,51,5.33,1,0,0,0,0,0,0,1,0,0,0,0,0,0,0,0,1,0,0,0,0,0,0,0,0,0,0,1
9.0,65.0,70.0,4790.0,72,648.0,28,7.39,0,0,0,0,0,0,0,0,0,0,0,1,0,0,0,0,0,0,0,0,0,0,0,0,1,0,0,1
9.0,50.0,50.0,50.0,1,9.0,1320,5.56,0,0,0,0,1,0,0,0,0,0,0,1,0,0,0,0,0,0,0,0,0,0,1,0,0,0,0,0
9.0,80.0,80.0,640.0,8,72.0,70,8.89,0,0,0,0,0,1,0,0,0,0,0,1,0,0,0,0,0,0,0,0,0,1,0,0,0,0,0,1
9.0,70.0,70.0,6300.0,90,810.0,0,7.78,0,0,0,0,1,0,0,0,0,0,0,1,0,0,0,0,0,0,0,0,0,1,0,0,0,0,0,0
9.0,55.0,55.0,55.0,1,9.0,59,6.11,1,0,0,0,0,0,0,0,0,0,0,1,0,0,0,0,0,0,0,0,1,0,0,0,0,0,0,1
18.3,120.0,180.0,18510.0,110,2013.0,203,9.2,0,0,0,0,0,0,0,0,0,0,0,0,0,1,0,0,0,0,0,1,0,0,0,0,0,0,0,1
18.3,170.0,180.0,49020.0,288,5270.4,304,9.3,0,0,0,0,0,0,0,0,0,0,0,0,0,1,0,0,0,0,0,0,0,0,0,0,0,0,0,1
9.0,55.0,55.0,55.0,1,9.0,12,6.11,1,0,0,0,0,0,0,0,0,0,0,1,0,0,0,0,0,0,0,0,0,1,0,0,0,0,0,0
12.0,104.0,112.0,4760.0,43,516.0,148,9.22,0,1,0,0,0,0,0,1,0,0,0,0,0,0,0,0,0,1,0,0,0,0,0,0,0,0,0,1
12.0,72.0,80.0,584.0,8,96.0,88,6.08,0,0,0,0,0,0,0,1,0,0,0,0,0,0,0,0,0,0,0,0,0,0,0,0,0,0,0,1
9.0,50.0,60.0,20320.0,346,3114.0,0,6.53,0,0,0,0,0,0,0,0,0,0,0,1,0,0,0,0,0,0,0,0,0,1,0,0,0,0,1,0
400.0,1800.0,2000.0,7600.0,4,1600.0,5,4.75,1,0,0,0,0,0,0,0,0,0,1,0,0,0,0,0,0,1,0,0,0,0,0,0,0,1,0,0
9.0,40.0,40.0,960.0,24,216.0,0,4.44,0,0,0,0,0,1,0,0,0,0,0,1,0,0,0,0,0,0,0,0,0,0,1,0,0,0,0,1
12.0,81.0,81.0,3078.0,38,456.0,21,6.75,1,0,0,0,0,0,0,1,0,0,0,0,0,0,0,0,0,1,0,0,0,0,0,0,0,0,1,0
12.0,108.0,120.0,5238.0,48,576.0,234,9.09,0,0,0,0,1,0,0,0,1,0,0,0,0,0,0,0,0,1,0,0,0,0,0,0,0,0,0,0
9.0,25.0,25.0,1650.0,66,594.0,4,2.78,0,0,0,0,0,1,0,0,0,0,0,1,0,0,0,0,0,0,0,0,0,1,0,0,0,0,0,1
9.0,37.0,70.0,6289.0,111,999.0,306,6.3,0,0,0,0,0,0,0,0,0,0,0,1,0,0,0,0,0,0,0,0,1,0,0,0,0,0,0,1
18.3,120.0,150.0,9880.0,70,1281.0,7,7.71,0,0,0,0,0,0,0,0,0,0,0,0,0,1,0,0,0,1,0,0,0,0,0,0,0,0,0,1
12.0,52.0,128.0,20704.0,223,2676.0,192,7.74,0,0,0,0,1,0,0,1,0,0,0,0,0,0,0,0,1,0,0,0,0,0,0,0,0,0,0,1
18.3,120.0,150.0,4840.0,34,622.2,1311,7.78,0,0,0,0,0,0,0,0,0,0,0,0,0,1,0,0,1,0,0,0,0,0,0,0,0,1,0,0
12.0,80.0,1800.0,22572.0,221,2652.0,4266,8.51,0,0,0,0,0,0,0,1,0,0,0,0,0,0,0,0,0,1,0,0,0,0,0,0,0,0,0,1
9.0,40.0,50.0,770.0,16,144.0,1321,5.35,0,0,0,0,1,0,0,0,0,0,0,1,0,0,0,0,0,0,0,0,0,0,1,0,0,0,0,0
18.3,160.0,160.0,8960.0,56,1024.8,0,8.74,0,0,0,0,1,0,0,0,0,0,0,0,0,1,0,0,0,0,0,0,0,0,0,0,0,0,0,0
3.0,5.0,5.0,5.0,1,3.0,1,1.67,0,1,0,0,0,0,0,0,0,0,0,0,0,0,0,0,0,0,0,0,0,0,1,0,0,0,0,1
18.3,140.0,160.0,116270.0,803,14694.9,151,7.91,0,0,0,0,1,0,0,0,0,0,0,0,0,1,0,0,0,0,0,1,0,0,0,0,0,0,1,0
12.0,72.0,72.0,1152.0,16,192.0,558,6.0,0,0,0,0,0,0,0,1,0,0,0,0,0,0,0,0,0,0,0,0,0,0,1,0,0,0,1,0
3.0,18.0,18.0,3600.0,200,600.0,700,6.0,0,0,0,0,0,0,0,0,0,0,0,0,0,0,0,0,0,1,0,0,0,0,0,0,0,0,0,1
18.3,180.0,200.0,8020.0,42,768.6,1413,10.43,0,0,0,0,1,0,0,0,0,0,0,0,0,1,0,0,0,0,0,0,0,0,0,0,0,0,1,0
12.0,96.0,104.0,8024.0,83,996.0,251,8.06,0,0,0,0,0,0,0,1,0,0,0,0,0,0,0,0,0,0,0,0,0,0,0,0,0,0,0,1
9.0,60.0,60.0,60.0,1,9.0,22,6.67,1,0,0,0,0,0,0,0,0,0,0,1,0,0,0,0,0,0,0,0,0,1,0,0,0,0,0,1
400.0,500.0,2000.0,120400.0,68,27200.0,6,4.43,0,1,0,0,0,0,0,0,0,0,1,0,0,0,0,0,0,1,0,0,0,0,0,0,0,0,0,1
12.0,112.0,120.0,7648.0,68,816.0,360,9.37,0,0,0,0,0,0,0,1,0,0,0,0,0,0,0,0,1,0,0,0,0,0,0,0,0,0,0,0
12.0,72.0,72.0,144.0,2,24.0,16,6.0,1,0,0,0,0,0,0,1,0,0,0,0,0,0,0,0,1,0,0,0,0,0,0,0,0,0,0,1
9.0,55.0,60.0,6340.0,115,1035.0,0,6.13,0,0,0,0,1,0,0,0,0,0,0,1,0,0,0,0,0,0,0,0,1,0,0,0,0,1,0,0
9.0,30.0,40.0,430.0,14,126.0,43,3.41,0,1,0,0,0,0,0,0,0,0,0,1,0,0,0,0,0,0,0,0,0,0,1,0,0,0,0,1
18.3,100.0,200.0,53490.0,356,6514.8,266,8.21,0,0,0,0,0,0,0,0,0,0,0,0,0,1,0,0,0,0,0,0,0,0,0,0,0,0,1,0
18.3,80.0,170.0,6070.0,61,1116.3,290,5.44,0,0,0,0,0,0,0,0,0,0,0,0,0,1,0,0,0,0,0,0,0,0,0,0,0,0,0,1
9.0,55.0,55.0,4950.0,90,810.0,0,6.11,0,0,0,0,1,0,0,0,0,0,0,1,0,0,0,0,0,0,0,0,0,0,1,0,0,1,0,0
9.0,45.0,60.0,4260.0,71,639.0,378,6.67,0,0,0,0,0,0,0,0,0,0,0,1,0,0,0,0,0,0,0,0,0,1,0,0,0,0,0,1
9.0,30.0,62.0,7787.0,149,1341.0,2555,5.81,0,0,0,0,0,0,0,0,0,0,0,1,0,0,0,0,0,0,0,0,0,0,1,0,0,1,0,0
12.0,72.0,96.0,264.0,3,36.0,450,7.33,1,0,0,0,0,0,0,1,0,0,0,0,0,0,0,0,1,0,0,0,0,0,0,0,0,1,0,0
400.0,2000.0,2000.0,12000.0,6,2400.0,0,5.0,0,0,0,0,1,0,0,0,0,0,1,0,0,0,0,0,0,1,0,0,0,0,0,0,0,1,0,0
12.0,40.0,40.0,1600.0,40,480.0,0,3.33,1,0,0,0,0,0,0,1,0,0,0,0,0,0,0,0,1,0,0,0,0,0,0,0,0,0,0,0
18.3,140.0,150.0,12510.0,89,1628.7,704,7.68,0,0,0,0,0,0,0,0,0,0,0,0,0,1,0,0,0,1,0,0,0,0,0,0,0,0,0,1
3.0,10.0,10.0,20.0,2,6.0,0,3.33,0,1,0,0,0,0,0,0,0,0,0,0,0,0,0,0,0,0,0,0,0,0,1,0,0,1,0,0
400.0,1200.0,1200.0,1200.0,1,400.0,22,3.0,0,0,0,0,0,0,0,0,0,0,1,0,0,0,0,0,0,1,0,0,0,0,0,0,0,0,0,0
18.3,140.0,150.0,72800.0,504,9223.2,0,7.89,0,0,0,0,0,0,0,0,0,0,0,0,0,1,0,0,0,1,0,0,0,0,0,0,0,0,0,0
9.0,70.0,70.0,490.0,7,63.0,73,7.78,0,0,0,0,0,0,0,0,0,0,0,1,0,0,0,0,0,0,0,0,1,0,0,0,0,0,0,1
18.3,120.0,165.0,79270.0,602,11016.6,279,7.2,0,0,0,0,0,0,0,0,0,0,0,0,0,1,0,0,0,1,0,0,0,0,0,0,0,0,1,0
12.0,40.0,115.0,4898.0,44,528.0,389,9.28,0,0,0,0,0,0,0,1,0,0,0,0,0,0,0,0,1,0,0,0,0,0,0,0,0,0,1,0
9.0,55.0,55.0,3300.0,60,540.0,94,6.11,0,0,0,0,0,0,0,0,0,0,0,1,0,0,0,0,0,0,0,0,0,0,1,0,0,0,0,0
9.0,55.0,55.0,21670.0,394,3546.0,156,6.11,0,0,0,0,0,1,0,0,0,0,0,1,0,0,0,0,0,0,0,0,0,1,0,0,0,0,0,0
9.0,40.0,65.0,46795.0,910,8190.0,0,5.71,0,0,0,0,0,0,0,0,0,0,0,1,0,0,0,0,0,0,0,0,0,0,1,0,0,0,0,1
12.0,40.0,120.0,3360.0,64,768.0,0,4.38,0,1,0,0,0,0,0,1,0,0,0,0,0,0,0,0,1,0,0,0,0,0,0,0,0,0,0,1
400.0,2000.0,2000.0,2000.0,1,400.0,11,5.0,0,0,0,0,0,0,0,0,0,0,1,0,0,0,0,0,0,1,0,0,0,0,0,0,0,0,0,0
12.0,112.0,112.0,2912.0,26,312.0,219,9.33,0,0,0,0,1,0,0,1,0,0,0,0,0,0,0,0,0,1,0,0,0,0,0,0,0,1,0,0
9.0,60.0,70.0,9255.0,141,1269.0,219,7.29,0,0,0,0,0,0,0,0,0,0,0,1,0,0,0,0,0,0,0,0,0,0,1,0,0,0,1,0
18.3,180.0,250.0,123250.0,654,11968.2,211,10.3,0,0,0,0,0,0,0,0,0,0,0,0,0,1,0,0,0,0,0,0,0,0,0,0,0,0,1,0
12.0,40.0,120.0,260254.0,2971,35652.0,3558,7.3,0,0,0,0,0,0,0,1,0,0,0,0,0,0,0,0,0,1,0,0,0,0,0,0,0,0,0,1
18.3,100.0,110.0,860.0,8,146.4,258,5.87,0,0,0,0,0,0,0,0,0,0,0,0,0,1,0,0,0,0,0,0,0,0,0,0,0,0,0,1
18.3,140.0,140.0,14280.0,102,1866.6,1042,7.65,0,0,0,0,0,0,0,0,0,0,0,0,0,1,0,0,0,1,0,0,0,0,0,0,0,0,0,0
9.0,50.0,55.0,4775.0,95,855.0,1279,5.58,0,0,0,0,1,0,0,0,0,0,0,1,0,0,0,0,0,0,0,0,0,0,1,0,0,0,0,0
18.3,120.0,190.0,38660.0,235,4300.5,398,8.99,0,0,0,0,0,0,0,0,0,0,0,0,0,1,0,0,0,0,0,0,0,0,0,0,0,0,0,1
18.3,150.0,150.0,300.0,2,36.6,334,8.2,0,0,0,0,1,0,0,0,0,0,0,0,0,1,0,0,1,0,0,0,0,0,0,0,0,0,0,0
9.0,50.0,60.0,4645.0,84,756.0,533,6.14,0,0,0,0,1,0,0,0,0,0,0,1,0,0,0,0,0,0,0,0,0,1,0,0,0,0,0,1
18.3,100.0,140.0,500.0,4,73.2,726,6.83,0,0,0,0,0,0,0,0,0,0,0,0,0,1,0,0,1,0,0,0,0,0,0,0,0,0,0,0
11.0,70.0,80.0,11980.0,171,1881.0,367,6.37,0,0,0,0,0,0,0,0,0,0,0,0,1,0,0,0,0,0,0,0,0,1,0,0,0,0,1,0
9.0,50.0,50.0,350.0,7,63.0,0,5.56,1,0,0,0,0,0,0,0,0,0,0,1,0,0,0,0,0,0,0,0,0,1,0,0,0,0,0,0
12.0,96.0,120.0,121196.0,1228,14736.0,1118,8.22,0,0,0,0,0,0,0,1,0,0,0,0,0,0,0,0,1,0,0,0,0,0,0,0,0,0,1,0
11.0,40.0,40.0,80.0,2,22.0,0,3.64,0,0,0,0,0,0,0,0,0,0,0,0,1,0,0,0,0,0,0,0,0,0,1,0,0,0,0,0
12.0,80.0,120.0,44020.0,537,6444.0,869,6.83,0,0,0,0,0,0,0,1,0,0,0,0,0,0,0,0,0,1,0,0,0,0,0,0,0,0,0,0
12.0,80.0,80.0,4400.0,55,660.0,9,6.67,0,0,0,0,1,0,0,0,1,0,0,0,0,0,0,0,0,1,0,0,0,0,0,0,0,0,0,1
9.0,60.0,60.0,120.0,2,18.0,20,6.67,1,0,0,0,0,0,0,0,0,0,0,1,0,0,0,0,0,0,0,0,1,0,0,0,0,1,0,0
9.0,45.0,60.0,1380.0,29,261.0,0,5.29,1,0,0,0,0,0,0,0,0,0,0,1,0,0,0,0,0,0,0,0,0,0,1,0,0,0,0,0
18.3,100.0,180.0,6190.0,43,786.9,0,7.87,0,0,0,0,1,0,0,0,0,0,0,0,0,1,0,0,0,0,0,0,0,0,0,0,0,0,0,1
9.0,50.0,50.0,2250.0,45,405.0,0,5.56,0,0,0,0,0,0,0,0,0,0,0,1,0,0,0,0,0,0,0,0,1,0,0,0,0,0,0,1
9.0,40.0,60.0,5275.0,110,990.0,0,5.33,1,0,0,0,0,0,0,0,0,0,0,1,0,0,0,0,0,0,0,0,0,1,0,0,0,0,0,1
400.0,300.0,300.0,600.0,2,800.0,0,0.75,0,1,0,0,0,0,0,0,0,0,1,0,0,0,0,0,0,1,0,0,0,0,0,0,0,0,0,0
18.3,140.0,160.0,36640.0,250,4575.0,4894,8.01,0,0,0,0,1,0,0,0,0,0,0,0,0,1,0,0,0,0,0,0,0,0,0,0,0,0,0,0
9.0,58.0,70.0,13620.0,218,1962.0,592,6.94,0,0,0,0,0,0,0,0,0,0,0,1,0,0,0,0,0,0,0,0,0,0,1,0,0,0,1,0
12.0,128.0,168.0,22952.0,169,2028.0,1001,11.32,0,0,0,0,1,0,0,1,0,0,0,0,0,0,0,0,1,0,0,0,0,0,0,0,0,0,1,0
12.0,112.0,128.0,20936.0,175,2100.0,145,9.97,0,0,0,0,1,0,0,1,0,0,0,0,0,0,0,0,0,1,0,0,0,0,0,0,0,0,0,1
18.3,130.0,180.0,33200.0,200,3660.0,256,9.07,0,0,0,0,0,0,0,0,0,0,0,0,0,1,0,0,1,0,0,0,0,0,0,0,0,0,1,0
12.0,30.0,64.0,1220.0,35,420.0,51,2.9,1,0,0,0,0,0,0,1,0,0,0,0,0,0,0,0,1,0,0,0,0,0,0,0,0,0,0,1
18.3,90.0,100.0,5690.0,57,1043.1,461,5.45,0,0,0,0,0,0,0,0,0,0,0,0,0,1,0,0,1,0,0,0,0,0,0,0,0,0,0,0
18.3,11.0,180.0,162503.0,1015,18574.5,504,8.75,0,0,0,0,0,0,0,0,0,0,0,0,0,1,0,0,0,0,0,0,0,0,0,0,0,0,0,1
9.0,70.0,70.0,3500.0,50,450.0,0,7.78,1,0,0,0,0,0,0,0,0,0,0,1,0,0,0,0,0,0,0,0,0,1,0,0,0,0,1,0
12.0,56.0,96.0,9360.0,129,1548.0,1143,6.05,0,0,0,0,0,0,0,1,0,0,0,0,0,0,0,0,0,1,0,0,0,0,0,0,0,0,0,0
9.0,35.0,62.0,16425.0,377,3393.0,2395,4.84,0,0,0,0,0,0,0,0,0,0,0,1,0,0,0,0,0,0,0,0,0,0,1,0,0,1,0,0
18.3,120.0,165.0,79270.0,602,11016.6,279,7.2,0,0,0,0,0,0,0,0,0,0,0,0,0,1,0,0,0,1,0,0,0,0,0,0,0,0,1,0
11.0,60.0,70.0,51100.0,800,8800.0,0,5.81,0,0,0,0,0,0,0,0,0,0,0,0,1,0,0,0,0,0,0,0,0,1,0,0,0,0,0,1
12.0,50.0,112.0,49430.0,612,7344.0,3873,6.73,0,0,0,0,0,0,0,1,0,0,0,0,0,0,0,0,0,1,0,0,0,0,0,0,0,0,0,1
18.3,140.0,180.0,38400.0,253,4629.9,436,8.29,0,0,0,0,0,0,0,0,0,0,0,0,0,1,0,0,1,0,0,0,0,0,0,0,0,0,1,0
9.0,30.0,45.0,2850.0,65,585.0,50,4.87,0,0,0,0,1,0,0,0,0,0,0,1,0,0,0,0,0,0,0,0,0,1,0,0,0,0,0,1
18.3,80.0,100.0,6960.0,78,1427.4,365,4.88,0,0,0,0,0,0,0,0,0,0,0,0,0,1,0,0,0,1,0,0,0,0,0,0,0,0,0,0
18.3,200.0,200.0,58800.0,294,5380.2,0,10.93,0,0,0,0,1,0,0,0,0,0,0,0,0,1,0,0,0,0,0,0,0,0,0,0,0,0,1,0
18.3,159.0,170.0,2019.0,12,219.6,411,9.19,0,0,0,0,0,0,0,0,0,0,0,0,0,1,0,0,0,0,0,1,0,0,0,0,0,1,0,0
12.0,108.0,120.0,9120.0,77,924.0,200,9.87,0,0,0,0,1,0,0,0,1,0,0,0,0,0,0,0,0,1,0,0,0,0,0,0,0,0,1,0
11.0,60.0,60.0,120.0,2,22.0,566,5.45,0,0,0,0,0,0,0,0,0,0,0,0,1,0,0,0,0,0,0,0,0,0,1,0,0,0,0,0
9.0,55.0,55.0,880.0,16,144.0,70,6.11,1,0,0,0,0,0,0,0,0,0,0,1,0,0,0,0,0,0,0,0,0,1,0,0,0,0,0,1
18.3,180.0,190.0,4720.0,25,457.5,171,10.32,0,0,0,0,1,0,0,0,0,0,0,0,0,1,0,0,0,0,0,1,0,0,0,0,0,0,0,1
18.3,200.0,200.0,10600.0,53,969.9,572,10.93,0,0,0,0,1,0,0,0,0,0,0,0,0,1,0,0,0,0,0,0,0,0,0,0,0,0,0,0
12.0,96.0,120.0,1488.0,13,156.0,27,9.54,0,0,0,0,1,0,0,0,1,0,0,0,0,0,0,0,0,1,0,0,0,0,0,0,0,0,0,1
12.0,104.0,104.0,832.0,8,96.0,62,8.67,0,0,0,0,0,1,0,1,0,0,0,0,0,0,0,0,0,1,0,0,0,0,0,0,0,0,0,1
18.3,140.0,180.0,38400.0,253,4629.9,436,8.29,0,0,0,0,0,0,0,0,0,0,0,0,0,1,0,0,1,0,0,0,0,0,0,0,0,0,1,0
18.3,100.0,150.0,1900.0,13,237.9,152,7.99,0,0,0,0,0,0,0,0,0,0,0,0,0,1,0,0,0,0,0,1,0,0,0,0,0,0,0,0
11.0,70.0,70.0,5600.0,80,880.0,138,6.36,0,0,0,0,0,0,0,0,0,0,0,0,1,0,0,0,0,0,0,0,0,1,0,0,0,0,1,0
18.3,70.0,160.0,16550.0,129,2360.7,157,7.01,0,0,0,0,0,0,0,0,0,0,0,0,0,1,0,0,0,0,0,1,0,0,0,0,0,0,1,0
18.3,170.0,190.0,28430.0,156,2854.8,123,9.96,0,0,0,0,1,0,0,0,0,0,0,0,0,1,0,0,0,0,0,1,0,0,0,0,0,0,0,1
18.3,70.0,200.0,5490.0,30,549.0,260,10.0,0,0,0,0,0,0,0,0,0,0,0,0,0,1,0,0,0,0,0,0,0,0,0,0,0,0,1,0
18.3,140.0,180.0,670.0,4,73.2,94,9.15,0,0,0,0,0,0,0,0,0,0,0,0,0,1,0,0,0,0,0,1,0,0,0,0,0,0,1,0
400.0,500.0,2200.0,91200.0,43,17200.0,10,5.3,0,0,0,0,0,0,0,0,0,0,1,0,0,0,0,0,0,1,0,0,0,0,0,0,0,0,1,0
18.3,130.0,150.0,21350.0,161,2946.3,0,7.25,0,0,0,0,1,0,0,0,0,0,0,0,0,1,0,0,0,1,0,0,0,0,0,0,0,0,0,1
12.0,80.0,80.0,3760.0,47,564.0,0,6.67,0,0,0,0,1,0,0,1,0,0,0,0,0,0,0,0,0,1,0,0,0,0,0,0,0,0,0,0
12.0,80.0,120.0,25439.0,240,2880.0,704,8.83,0,0,0,0,0,0,0,1,0,0,0,0,0,0,0,0,0,1,0,0,0,0,0,0,0,0,1,0
18.3,150.0,150.0,3150.0,21,384.3,44,8.2,0,0,0,0,0,0,0,0,0,0,0,0,0,1,0,0,1,0,0,0,0,0,0,0,0,0,0,1
12.0,80.0,112.0,31492.0,341,4092.0,97,7.7,0,0,0,0,0,0,0,1,0,0,0,0,0,0,0,0,1,0,0,0,0,0,0,0,0,0,0,1
12.0,120.0,120.0,1440.0,12,144.0,14,10.0,0,0,0,0,1,0,0,1,0,0,0,0,0,0,0,0,0,1,0,0,0,0,0,0,0,0,0,1
18.3,200.0,220.0,37320.0,183,3348.9,8,11.14,0,0,0,0,1,0,0,0,0,0,0,0,0,1,0,0,0,0,0,0,0,0,0,0,0,0,1,0
9.0,40.0,40.0,840.0,21,189.0,24,4.44,0,0,0,0,0,1,0,0,0,0,0,1,0,0,0,0,0,0,0,0,0,0,1,0,0,0,0,1
12.0,54.0,72.0,8812.0,147,1764.0,79,5.0,1,0,0,0,0,0,0,1,0,0,0,0,0,0,0,0,1,0,0,0,0,0,0,0,0,0,0,1
12.0,108.0,112.0,776.0,7,84.0,39,9.24,0,0,0,0,0,0,0,1,0,0,0,0,0,0,0,0,1,0,0,0,0,0,0,0,0,0,0,0
9.0,70.0,80.0,25710.0,367,3303.0,66,7.78,0,0,0,0,0,0,0,0,0,0,0,1,0,0,0,0,0,0,0,0,0,1,0,0,0,0,1,0
12.0,120.0,136.0,15608.0,128,1536.0,0,10.16,0,0,0,0,1,0,0,1,0,0,0,0,0,0,0,0,0,1,0,0,0,0,0,0,0,0,0,1
12.0,96.0,112.0,7600.0,77,924.0,113,8.23,0,1,0,0,0,0,0,1,0,0,0,0,0,0,0,0,0,1,0,0,0,0,0,0,0,0,0,1
18.3,150.0,180.0,1360.0,8,146.4,550,9.29,0,0,0,0,0,0,0,0,0,0,0,0,0,1,0,0,0,0,0,1,0,0,0,0,0,0,1,0
18.3,150.0,160.0,12279.0,81,1482.3,677,8.28,0,0,0,0,0,0,0,0,0,0,0,0,0,1,0,0,1,0,0,0,0,0,0,0,0,1,0,0
18.3,100.0,200.0,4760.0,37,677.1,226,7.03,0,0,0,0,0,0,0,0,0,0,0,0,0,1,0,0,0,0,0,1,0,0,0,0,0,0,0,0
12.0,108.0,144.0,137942.0,1183,14196.0,91,9.72,0,0,0,0,0,0,0,1,0,0,0,0,0,0,0,0,0,1,0,0,0,0,0,0,0,0,1,0
12.0,120.0,120.0,600.0,5,60.0,40,10.0,0,0,0,0,1,0,0,1,0,0,0,0,0,0,0,0,0,1,0,0,0,0,0,0,0,0,0,1
12.0,72.0,120.0,57832.0,560,6720.0,2186,8.61,0,0,0,0,0,0,0,1,0,0,0,0,0,0,0,0,0,1,0,0,0,0,0,0,0,0,0,1
11.0,70.0,80.0,380.0,5,55.0,66,6.91,0,0,0,0,0,0,0,0,0,0,0,0,1,0,0,0,0,0,0,0,0,0,1,0,0,0,1,0
9.0,52.0,55.0,1498.0,28,252.0,514,5.94,0,0,0,0,1,0,0,0,0,0,0,1,0,0,0,0,0,0,0,0,1,0,0,0,0,1,0,0
9.0,20.0,30.0,1330.0,65,585.0,1227,2.27,0,0,0,0,0,0,0,0,0,0,0,1,0,0,0,0,0,0,0,0,0,0,1,0,0,0,0,0
9.0,25.0,25.0,450.0,18,162.0,0,2.78,1,0,0,0,0,0,0,0,0,0,0,1,0,0,0,0,0,0,0,0,1,0,0,0,0,0,0,1
9.0,50.0,100.0,8590.0,169,1521.0,1397,5.65,0,0,0,0,0,0,0,0,0,0,0,1,0,0,0,0,0,0,0,0,0,0,1,0,0,0,1,0
3.0,5.0,5.0,500.0,100,300.0,0,1.67,0,1,0,0,0,0,0,0,0,0,0,0,0,0,0,0,0,1,0,0,0,0,0,0,0,0,0,1
18.3,170.0,170.0,1190.0,7,128.1,2,9.29,0,0,0,0,1,0,0,0,0,0,0,0,0,1,0,0,0,0,0,1,0,0,0,0,0,0,0,1
18.3,100.0,170.0,70360.0,432,7905.6,612,8.9,0,0,0,0,0,0,0,0,0,0,0,0,0,1,0,0,0,0,0,0,0,0,0,0,0,0,1,0
18.3,160.0,180.0,21025.0,124,2269.2,2,9.27,0,0,0,0,1,0,0,0,0,0,0,0,0,1,0,0,0,0,0,1,0,0,0,0,0,0,0,1
9.0,40.0,40.0,8000.0,200,1800.0,0,4.44,0,0,0,0,0,1,0,0,0,0,0,1,0,0,0,0,0,0,0,0,0,1,0,0,0,0,0,1
9.0,20.0,60.0,2215.0,70,630.0,0,3.52,1,0,0,0,0,0,0,0,0,0,0,1,0,0,0,0,0,0,0,0,1,0,0,0,0,0,0,1
12.0,88.0,104.0,38564.0,426,5112.0,914,7.54,0,0,0,0,1,0,0,0,1,0,0,0,0,0,0,0,0,1,0,0,0,0,0,0,0,0,0,0
11.0,60.0,70.0,67720.0,1111,12221.0,29,5.54,0,0,0,0,0,0,0,0,0,0,0,0,1,0,0,0,0,0,0,0,0,0,1,0,0,0,0,0
12.0,112.0,120.0,3224.0,27,324.0,2170,9.95,0,0,0,0,0,0,0,1,0,0,0,0,0,0,0,0,1,0,0,0,0,0,0,0,0,0,0,0
12.0,96.0,96.0,21696.0,226,2712.0,73,8.0,0,0,0,0,0,0,0,0,1,0,0,0,0,0,0,0,0,1,0,0,0,0,0,0,0,0,0,1
400.0,600.0,2000.0,36700.0,21,8400.0,91,4.37,0,0,0,0,0,0,0,0,0,0,1,0,0,0,0,0,0,1,0,0,0,0,0,0,0,0,0,1
12.0,56.0,56.0,112.0,2,24.0,0,4.67,0,0,0,0,1,0,0,1,0,0,0,0,0,0,0,0,0,1,0,0,0,0,0,0,0,0,1,0
12.0,120.0,120.0,600.0,5,60.0,571,10.0,0,0,0,0,1,0,0,1,0,0,0,0,0,0,0,0,1,0,0,0,0,0,0,0,0,0,0,1
18.3,100.0,200.0,49710.0,260,4758.0,106,10.45,0,0,0,0,0,0,0,0,0,0,0,0,0,1,0,0,0,0,0,0,0,0,0,0,0,0,0,1
12.0,120.0,128.0,3424.0,28,336.0,69,10.19,0,0,0,0,1,0,0,1,0,0,0,0,0,0,0,0,1,0,0,0,0,0,0,0,0,0,0,1
18.3,160.0,160.0,10400.0,65,1189.5,32,8.74,0,0,0,0,1,0,0,0,0,0,0,0,0,1,0,0,0,0,0,1,0,0,0,0,0,0,0,0
18.3,160.0,160.0,1920.0,12,219.6,1260,8.74,0,0,0,0,1,0,0,0,0,0,0,0,0,1,0,0,0,0,0,0,0,0,0,0,0,0,0,0
400.0,500.0,500.0,500.0,1,400.0,4,1.25,0,0,0,0,0,0,0,0,0,0,1,0,0,0,0,0,0,1,0,0,0,0,0,0,0,0,0,0
9.0,40.0,50.0,11975.0,293,2637.0,57,4.54,0,1,0,0,0,0,0,0,0,0,0,1,0,0,0,0,0,0,0,0,0,0,1,0,0,0,0,1
18.3,80.0,200.0,5840.0,67,1226.1,108,4.76,0,0,0,0,0,0,0,0,0,0,0,0,0,1,0,0,0,0,0,0,0,0,0,0,0,0,0,1
18.3,60.0,70.0,2490.0,40,732.0,44,3.4,0,0,1,0,0,0,0,0,0,0,0,0,0,1,0,0,0,0,0,1,0,0,0,0,0,0,0,0
18.3,140.0,200.0,122130.0,663,12132.9,480,10.07,0,0,0,0,0,0,0,0,0,0,0,0,0,1,0,0,0,0,0,0,0,0,0,0,0,0,0,0
12.0,108.0,128.0,2964.0,24,288.0,340,10.29,0,0,0,0,0,0,0,1,0,0,0,0,0,0,0,0,0,1,0,0,0,0,0,0,0,0,0,0
12.0,120.0,128.0,10808.0,90,1080.0,14,10.01,0,0,0,0,1,0,0,1,0,0,0,0,0,0,0,0,0,1,0,0,0,0,0,0,0,0,0,1
9.0,65.0,65.0,325.0,5,45.0,1,7.22,0,0,0,0,1,0,0,0,0,0,0,1,0,0,0,0,0,0,0,0,0,0,1,0,0,0,0,1
18.3,70.0,150.0,40920.0,334,6112.2,2278,6.69,0,0,0,0,0,0,0,0,0,0,0,0,0,1,0,0,0,1,0,0,0,0,0,0,0,0,0,1
18.3,170.0,200.0,53590.0,303,5544.9,1146,9.66,0,0,0,0,0,0,0,0,0,0,0,0,0,1,0,0,0,0,0,0,0,0,0,0,0,0,0,1
18.3,160.0,180.0,41600.0,252,4611.6,0,9.02,0,0,0,0,1,0,0,0,0,0,0,0,0,1,0,0,0,0,0,0,0,0,0,0,0,0,0,1
18.3,70.0,160.0,17350.0,134,2452.2,157,7.08,0,0,0,0,0,0,0,0,0,0,0,0,0,1,0,0,0,0,0,1,0,0,0,0,0,0,1,0
18.3,150.0,190.0,8970.0,59,1079.7,26,8.31,0,0,0,0,0,0,0,0,0,0,0,0,0,1,0,0,0,0,0,1,0,0,0,0,0,0,0,1
18.3,140.0,160.0,6040.0,38,695.4,113,8.69,0,0,0,0,1,0,0,0,0,0,0,0,0,1,0,0,0,0,0,1,0,0,0,0,0,0,1,0
18.3,100.0,165.0,63075.0,492,9003.6,881,7.01,0,0,0,0,0,0,0,0,0,0,0,0,0,1,0,0,0,1,0,0,0,0,0,0,0,0,1,0
12.0,120.0,120.0,840.0,7,84.0,185,10.0,0,0,0,0,1,0,0,1,0,0,0,0,0,0,0,0,1,0,0,0,0,0,0,0,0,1,0,0
18.3,100.0,100.0,900.0,9,164.7,204,5.46,0,0,0,0,0,0,0,0,0,0,0,0,0,1,0,0,0,0,0,0,0,0,0,0,0,0,0,0
11.0,60.0,60.0,60.0,1,11.0,36,5.45,0,0,0,0,0,0,0,0,0,0,0,0,1,0,0,0,0,0,0,0,1,0,0,0,0,0,1,0
12.0,80.0,96.0,14152.0,171,2052.0,254,6.9,0,0,0,0,0,0,0,1,0,0,0,0,0,0,0,0,1,0,0,0,0,0,0,0,0,0,0,1
18.3,100.0,100.0,100.0,1,18.3,26,5.46,0,0,0,0,0,0,0,0,0,0,0,0,0,1,0,0,1,0,0,0,0,0,0,0,0,0,0,0
18.3,100.0,140.0,2220.0,17,311.1,728,7.14,0,0,0,0,0,0,0,0,0,0,0,0,0,1,0,0,0,0,0,1,0,0,0,0,0,0,0,0
9.0,50.0,50.0,150.0,3,27.0,263,5.56,0,0,0,0,1,0,0,0,0,0,0,1,0,0,0,0,0,0,0,0,1,0,0,0,0,0,0,0
9.0,50.0,65.0,975.0,17,153.0,134,6.37,0,0,0,0,0,0,0,0,0,0,0,1,0,0,0,0,0,0,0,0,0,1,0,0,0,0,0,1
18.3,80.0,170.0,29250.0,244,4465.2,839,6.55,0,0,0,0,0,0,0,0,0,0,0,0,0,1,0,0,0,0,0,0,0,0,0,0,0,0,0,0
400.0,2200.0,2400.0,99400.0,45,18000.0,9,5.52,0,0,0,0,0,0,0,0,0,0,1,0,0,0,0,0,0,1,0,0,0,0,0,0,0,0,1,0
11.0,30.0,30.0,1020.0,34,374.0,0,2.73,0,0,0,0,0,0,0,0,0,0,0,0,1,0,0,0,0,0,0,0,1,0,0,0,0,0,1,0
18.3,170.0,170.0,170.0,1,18.3,105,9.29,0,0,0,0,0,0,0,0,0,0,0,0,0,1,0,0,0,0,0,1,0,0,0,0,0,0,0,1
18.3,150.0,150.0,2250.0,15,274.5,1054,8.2,0,0,0,0,1,0,0,0,0,0,0,0,0,1,0,0,0,0,0,1,0,0,0,0,0,0,0,0
400.0,1600.0,1700.0,5000.0,3,1200.0,0,4.17,0,1,0,0,0,0,0,0,0,0,1,0,0,0,0,0,1,0,0,0,0,0,0,0,0,0,0,1
18.3,100.0,200.0,18800.0,124,2269.2,2025,8.28,0,0,0,0,0,0,0,0,0,0,0,0,0,1,0,0,0,0,0,0,0,0,0,0,0,0,0,0
9.0,35.0,35.0,1435.0,41,369.0,0,3.89,0,0,0,0,0,1,0,0,0,0,0,1,0,0,0,0,0,0,0,0,0,0,1,0,0,0,0,1
9.0,60.0,70.0,2640.0,38,342.0,752,7.72,0,0,0,0,0,1,0,0,0,0,0,1,0,0,0,0,0,0,0,0,0,0,1,0,0,0,1,0
18.3,170.0,190.0,6190.0,33,603.9,975,10.25,0,0,0,0,1,0,0,0,0,0,0,0,0,1,0,0,0,0,0,1,0,0,0,0,0,0,0,0
9.0,60.0,60.0,120.0,2,18.0,276,6.67,0,0,0,0,1,0,0,0,0,0,0,1,0,0,0,0,0,0,0,0,0,0,1,0,0,1,0,0
12.0,50.0,104.0,12842.0,160,1920.0,1105,6.69,0,0,0,0,0,0,0,1,0,0,0,0,0,0,0,0,0,1,0,0,0,0,0,0,0,0,0,1
9.0,52.0,52.0,14820.0,285,2565.0,322,5.78,0,0,0,0,1,0,0,0,0,0,0,1,0,0,0,0,0,0,0,0,0,0,1,0,0,1,0,0
12.0,80.0,102.0,16230.0,196,2352.0,389,6.9,0,0,0,0,1,0,0,0,1,0,0,0,0,0,0,0,0,1,0,0,0,0,0,0,0,0,0,0
18.3,140.0,150.0,25400.0,180,3294.0,1068,7.71,0,0,0,0,0,0,0,0,0,0,0,0,0,1,0,0,1,0,0,0,0,0,0,0,0,1,0,0
9.0,40.0,50.0,9390.0,200,1800.0,0,5.22,0,0,0,0,0,1,0,0,0,0,0,1,0,0,0,0,0,0,0,0,1,0,0,0,0,0,0,1
9.0,40.0,40.0,2560.0,64,576.0,4964,4.44,0,0,0,0,0,0,0,0,0,0,0,1,0,0,0,0,0,0,0,0,0,0,1,0,0,0,0,0
11.0,50.0,50.0,50.0,1,11.0,21,4.55,0,0,0,0,0,0,0,0,0,0,0,0,1,0,0,0,0,0,0,0,0,0,1,0,0,0,1,0
18.3,160.0,160.0,1440.0,9,164.7,1724,8.74,0,0,0,0,1,0,0,0,0,0,0,0,0,1,0,0,0,0,0,1,0,0,0,0,0,0,0,0
18.3,140.0,150.0,8060.0,57,1043.1,130,7.73,0,0,0,0,0,1,0,0,0,0,0,0,0,1,0,0,0,0,0,1,0,0,0,0,0,0,1,0
18.3,70.0,200.0,51630.0,299,5471.7,470,9.44,0,0,0,0,0,0,0,0,0,0,0,0,0,1,0,0,0,0,0,0,0,0,0,0,0,0,0,1
12.0,75.0,75.0,2250.0,30,360.0,2,6.25,1,0,0,0,0,0,0,1,0,0,0,0,0,0,0,0,0,1,0,0,0,0,0,0,0,0,0,0
9.0,60.0,60.0,1500.0,25,225.0,0,6.67,1,0,0,0,0,0,0,0,0,0,0,1,0,0,0,0,0,0,0,0,0,0,1,0,0,0,1,0
12.0,90.0,112.0,12144.0,129,1548.0,629,7.84,0,0,0,0,0,0,0,1,0,0,0,0,0,0,0,0,1,0,0,0,0,0,0,0,0,0,0,1
9.0,50.0,50.0,5150.0,103,927.0,447,5.56,0,0,0,0,0,0,0,0,0,0,0,1,0,0,0,0,0,0,0,0,0,1,0,0,0,0,0,0
400.0,500.0,500.0,1500.0,3,1200.0,1,1.25,0,0,0,0,0,0,0,0,0,0,1,0,0,0,0,0,0,1,0,0,0,0,0,0,0,0,0,0
12.0,84.0,84.0,3612.0,43,516.0,16,7.0,0,0,0,0,0,1,0,0,1,0,0,0,0,0,0,0,0,1,0,0,0,0,0,0,0,0,0,0
12.0,64.0,64.0,64.0,1,12.0,312,5.33,1,0,0,0,0,0,0,1,0,0,0,0,0,0,0,0,0,1,0,0,0,0,0,0,0,0,0,0
18.3,160.0,180.0,5050.0,30,549.0,46,9.2,0,0,0,0,0,0,0,0,0,0,0,0,0,1,0,0,1,0,0,0,0,0,0,0,0,0,0,1
18.3,160.0,170.0,14460.0,90,1647.0,238,8.78,0,0,0,0,0,1,0,0,0,0,0,0,0,1,0,0,0,0,0,0,0,0,0,0,0,1,0,0
18.3,140.0,160.0,580.0,4,73.2,970,7.92,0,0,0,0,0,0,0,0,0,0,0,0,0,1,0,0,0,1,0,0,0,0,0,0,0,0,0,0
9.0,55.0,55.0,19800.0,360,3240.0,90,6.11,0,0,0,0,1,0,0,0,0,0,0,1,0,0,0,0,0,0,0,0,0,0,1,0,0,1,0,0
400.0,2000.0,2200.0,92600.0,46,18400.0,21,5.03,0,0,0,0,0,0,0,0,0,0,1,0,0,0,0,0,0,1,0,0,0,0,0,0,0,1,0,0
11.0,70.0,70.0,11200.0,160,1760.0,0,6.36,0,0,0,0,0,0,0,0,0,0,0,0,1,0,0,0,0,0,0,0,0,1,0,0,0,0,0,1
18.3,160.0,200.0,18400.0,105,1921.5,789,9.58,0,0,0,0,0,0,0,0,0,0,0,0,0,1,0,0,0,0,0,0,0,0,0,0,0,0,0,1
12.0,80.0,120.0,26536.0,275,3300.0,529,8.04,0,0,0,0,0,0,0,1,0,0,0,0,0,0,0,0,0,1,0,0,0,0,0,0,0,1,0,0
9.0,60.0,65.0,2295.0,36,324.0,76,7.08,1,0,0,0,0,0,0,0,0,0,0,1,0,0,0,0,0,0,0,0,1,0,0,0,0,0,0,0
11.0,40.0,50.0,490.0,11,121.0,145,4.05,0,0,0,0,0,0,0,0,0,0,0,0,1,0,0,0,0,0,0,0,0,1,0,0,0,0,1,0
12.0,60.0,90.0,86452.0,1216,14592.0,0,5.92,0,0,0,1,0,0,0,1,0,0,0,0,0,0,0,0,0,1,0,0,0,0,0,0,0,0,0,1
18.3,170.0,180.0,2580.0,15,274.5,108,9.4,0,0,0,0,0,0,0,0,0,0,0,0,0,1,0,0,0,0,0,1,0,0,0,0,0,0,0,1
400.0,1800.0,1800.0,16200.0,9,3600.0,49,4.5,0,0,0,0,0,0,0,0,0,0,1,0,0,0,0,0,0,1,0,0,0,0,0,0,0,0,0,1
12.0,50.0,72.0,8639.0,148,1776.0,74,4.86,1,0,0,0,0,0,0,1,0,0,0,0,0,0,0,0,0,1,0,0,0,0,0,0,0,0,0,1
9.0,50.0,60.0,280.0,5,45.0,0,6.22,1,0,0,0,0,0,0,0,0,0,0,1,0,0,0,0,0,0,0,0,0,0,1,0,0,0,0,0
9.0,15.0,15.0,2580.0,172,1548.0,0,1.67,1,0,0,0,0,0,0,0,0,0,0,1,0,0,0,0,0,0,0,0,0,1,0,0,0,0,0,0
12.0,78.0,81.0,1686.0,21,252.0,0,6.69,1,0,0,0,0,0,0,1,0,0,0,0,0,0,0,0,0,1,0,0,0,0,0,0,0,0,1,0
9.0,30.0,30.0,240.0,8,72.0,0,3.33,0,0,0,0,0,0,0,0,0,0,0,1,0,0,0,0,0,0,0,0,0,1,0,0,0,1,0,0
9.0,55.0,55.0,4840.0,88,792.0,0,6.11,1,0,0,0,0,0,0,0,0,0,0,1,0,0,0,0,0,0,0,0,0,0,1,0,0,0,0,0
9.0,40.0,50.0,6660.0,163,1467.0,0,4.54,0,0,0,0,0,1,0,0,0,0,0,1,0,0,0,0,0,0,0,0,0,0,1,0,0,0,0,1
9.0,50.0,50.0,100.0,2,18.0,306,5.56,0,0,0,0,0,0,0,0,0,0,0,1,0,0,0,0,0,0,0,0,0,1,0,0,0,0,0,0
18.3,140.0,200.0,35420.0,219,4007.7,864,8.84,0,0,0,0,0,0,0,0,0,0,0,0,0,1,0,0,0,0,0,0,0,0,0,0,0,0,0,0
12.0,90.0,96.0,11172.0,120,1440.0,491,7.76,0,0,0,0,0,0,0,1,0,0,0,0,0,0,0,0,1,0,0,0,0,0,0,0,0,0,0,1
9.0,50.0,70.0,14399.0,271,2439.0,0,5.9,0,0,0,0,1,0,0,0,0,0,0,1,0,0,0,0,0,0,0,0,0,0,1,0,0,0,0,1
12.0,80.0,80.0,800.0,10,120.0,0,6.67,1,0,0,0,0,0,0,1,0,0,0,0,0,0,0,0,0,1,0,0,0,0,0,0,0,0,0,1
9.0,50.0,50.0,600.0,12,108.0,1150,5.56,0,0,0,0,0,0,0,0,0,0,0,1,0,0,0,0,0,0,0,0,0,0,0,0,1,0,0,0
9.0,60.0,70.0,1530.0,23,207.0,0,7.39,0,0,0,0,0,0,0,0,0,0,0,1,0,0,0,0,0,0,0,0,1,0,0,0,0,0,1,0
18.3,160.0,160.0,320.0,2,36.6,21,8.74,0,0,0,0,1,0,0,0,0,0,0,0,0,1,0,0,0,0,0,0,0,0,0,0,0,1,0,0
9.0,50.0,50.0,1050.0,21,189.0,203,5.56,0,0,0,0,0,0,0,0,0,0,0,1,0,0,0,0,0,0,0,0,0,0,0,1,0,0,0,0
9.0,50.0,70.0,480.0,8,72.0,36,6.67,0,0,0,0,0,0,0,0,0,0,0,1,0,0,0,0,0,0,0,0,1,0,0,0,0,0,1,0
18.3,220.0,220.0,220.0,1,18.3,312,12.02,0,0,0,0,0,1,0,0,0,0,0,0,0,1,0,0,0,0,0,0,0,0,0,0,0,0,1,0
9.0,60.0,65.0,1350.0,21,189.0,450,7.14,1,0,0,0,0,0,0,0,0,0,0,1,0,0,0,0,0,0,0,0,0,1,0,0,0,0,0,1
18.3,130.0,130.0,1300.0,10,183.0,0,7.1,0,0,0,0,0,1,0,0,0,0,0,0,0,1,0,0,0,1,0,0,0,0,0,0,0,1,0,0
9.0,55.0,65.0,4480.0,75,675.0,81,6.64,1,0,0,0,0,0,0,0,0,0,0,1,0,0,0,0,0,0,0,0,0,1,0,0,0,0,0,0
9.0,70.0,70.0,770.0,11,99.0,59,7.78,0,0,0,0,0,0,0,0,0,0,0,1,0,0,0,0,0,0,0,0,1,0,0,0,0,0,1,0
18.3,100.0,120.0,860.0,8,146.4,409,5.87,0,0,0,0,0,0,0,0,0,0,0,0,0,1,0,0,1,0,0,0,0,0,0,0,0,0,0,1
400.0,1000.0,2000.0,29500.0,16,6400.0,126,4.61,0,0,0,0,0,0,0,0,0,0,1,0,0,0,0,0,0,1,0,0,0,0,0,0,0,0,0,1
12.0,120.0,120.0,2520.0,21,252.0,196,10.0,0,0,0,0,0,0,0,1,0,0,0,0,0,0,0,0,1,0,0,0,0,0,0,0,0,0,1,0
9.0,30.0,65.0,28143.0,722,6498.0,1046,4.33,0,0,0,0,0,0,0,0,0,0,0,1,0,0,0,0,0,0,0,0,0,0,1,0,0,1,0,0
12.0,54.0,120.0,9320.0,127,1524.0,226,6.12,1,0,0,0,0,0,0,1,0,0,0,0,0,0,0,0,1,0,0,0,0,0,0,0,0,0,0,1
9.0,50.0,65.0,24185.0,405,3645.0,592,6.64,0,0,0,0,0,0,0,0,0,0,0,1,0,0,0,0,0,0,0,0,0,1,0,0,0,0,0,0
12.0,90.0,90.0,810.0,9,108.0,0,7.5,0,0,0,0,0,0,0,1,0,0,0,0,0,0,0,0,0,0,0,0,0,0,1,0,0,0,1,0
18.3,100.0,200.0,159980.0,1036,18958.8,789,8.44,0,0,0,0,0,0,0,0,0,0,0,0,0,1,0,0,0,0,0,0,0,0,0,0,0,0,0,1
12.0,60.0,64.0,124.0,2,24.0,18,5.17,1,0,0,0,0,0,0,1,0,0,0,0,0,0,0,0,1,0,0,0,0,0,0,0,0,0,0,0
18.3,110.0,200.0,39330.0,321,5874.3,430,6.7,0,0,0,0,0,0,0,0,0,0,0,0,0,1,0,0,0,0,0,1,0,0,0,0,0,0,0,1
18.3,160.0,170.0,41010.0,255,4666.5,0,8.79,0,0,0,0,0,0,0,0,0,0,0,0,0,1,0,0,1,0,0,0,0,0,0,0,0,0,0,0
12.0,40.0,40.0,560.0,14,168.0,0,3.33,1,0,0,0,0,0,0,1,0,0,0,0,0,0,0,0,1,0,0,0,0,0,0,0,0,0,0,0
18.3,120.0,180.0,58005.0,347,6350.1,312,9.13,0,0,0,0,0,0,0,0,0,0,0,0,0,1,0,0,0,0,0,0,0,0,0,0,0,0,0,1
12.0,72.0,112.0,28760.0,343,4116.0,2954,6.99,0,0,0,0,0,0,0,1,0,0,0,0,0,0,0,0,0,1,0,0,0,0,0,0,0,0,0,0
18.3,180.0,200.0,53760.0,280,5124.0,0,10.49,0,0,1,0,0,0,0,0,0,0,0,0,0,1,0,0,0,0,0,0,0,0,0,0,0,0,1,0
18.3,140.0,160.0,40340.0,275,5032.5,210,8.02,0,0,0,0,0,0,0,0,0,0,0,0,0,1,0,0,1,0,0,0,0,0,0,0,0,0,0,1
3.0,15.0,20.0,595.0,30,90.0,0,6.61,0,1,0,0,0,0,0,0,0,0,0,0,0,0,0,0,0,0,0,0,0,0,1,0,0,0,0,1
400.0,2000.0,2000.0,8000.0,4,1600.0,109,5.0,0,0,0,0,0,0,0,0,0,0,1,0,0,0,0,0,0,1,0,0,0,0,0,0,0,1,0,0
12.0,60.0,84.0,67300.0,960,11520.0,0,5.84,0,0,0,1,0,0,0,1,0,0,0,0,0,0,0,0,0,1,0,0,0,0,0,0,0,0,0,1
9.0,30.0,45.0,2850.0,65,585.0,50,4.87,0,0,0,0,1,0,0,0,0,0,0,1,0,0,0,0,0,0,0,0,0,1,0,0,0,0,0,1
18.3,180.0,180.0,2880.0,16,292.8,42,9.84,0,0,0,0,0,0,0,0,0,0,0,0,0,1,0,0,0,0,0,1,0,0,0,0,0,0,0,1
18.3,170.0,170.0,170.0,1,18.3,0,9.29,0,0,0,0,0,0,0,0,0,0,0,0,0,1,0,0,0,0,0,1,0,0,0,0,0,0,0,1
9.0,50.0,70.0,15840.0,271,2439.0,245,6.49,0,0,0,0,0,0,0,0,0,0,0,1,0,0,0,0,0,0,0,0,0,1,0,0,0,0,1,0
18.3,180.0,200.0,2900.0,15,274.5,126,10.56,0,0,0,0,0,0,0,0,0,0,0,0,0,1,0,0,0,0,0,0,0,0,0,0,0,0,1,0
9.0,50.0,60.0,3100.0,57,513.0,108,6.04,1,0,0,0,0,0,0,0,0,0,0,1,0,0,0,0,0,0,0,0,1,0,0,0,0,0,0,1
18.3,200.0,220.0,4160.0,19,347.7,0,11.96,0,0,0,0,0,0,0,0,0,0,0,0,0,1,0,0,0,0,0,1,0,0,0,0,0,0,0,1
12.0,112.0,120.0,5624.0,47,564.0,337,9.97,0,0,0,0,1,0,0,1,0,0,0,0,0,0,0,0,0,1,0,0,0,0,0,0,0,0,0,1
3.0,20.0,20.0,400.0,20,60.0,53,6.67,0,1,0,0,0,0,0,0,0,0,0,0,0,0,0,0,0,0,0,0,0,0,1,0,0,0,0,1
18.3,160.0,160.0,4000.0,25,457.5,11,8.74,0,0,0,0,1,0,0,0,0,0,0,0,0,1,0,0,0,0,0,1,0,0,0,0,0,0,0,0
9.0,60.0,60.0,6000.0,100,900.0,0,6.67,0,0,0,0,0,0,0,0,0,0,0,1,0,0,0,0,0,0,0,0,1,0,0,0,0,0,0,1
400.0,2100.0,2100.0,199500.0,95,38000.0,0,5.25,0,0,0,0,0,0,0,0,0,0,1,0,0,0,0,0,0,1,0,0,0,0,0,0,0,0,0,0
3.0,10.0,10.0,40.0,4,12.0,0,3.33,0,1,0,0,0,0,0,0,0,0,0,0,0,0,0,0,0,0,0,0,0,0,1,0,0,0,0,0
12.0,88.0,120.0,36960.0,419,5028.0,192,7.35,0,0,0,0,0,0,0,1,0,0,0,0,0,0,0,0,1,0,0,0,0,0,0,0,0,0,0,1
18.3,220.0,220.0,220.0,1,18.3,61,12.02,0,0,0,0,0,0,0,0,0,0,0,0,0,1,0,0,0,0,0,0,0,0,0,0,0,0,1,0
9.0,40.0,40.0,4160.0,104,936.0,0,4.44,1,0,0,0,0,0,0,0,0,0,0,1,0,0,0,0,0,0,0,0,0,1,0,0,0,0,0,1
12.0,102.0,102.0,2040.0,20,240.0,236,8.5,0,0,0,0,1,0,0,0,1,0,0,0,0,0,0,0,0,1,0,0,0,0,0,0,0,0,0,0
9.0,55.0,55.0,4290.0,78,702.0,0,6.11,0,0,0,0,0,1,0,0,0,0,0,1,0,0,0,0,0,0,0,0,0,1,0,0,0,0,0,0
12.0,50.0,128.0,57380.0,545,6540.0,766,8.77,0,0,0,0,0,0,0,1,0,0,0,0,0,0,0,0,0,1,0,0,0,0,0,0,0,0,0,0
18.3,180.0,180.0,1800.0,10,183.0,28,9.84,0,0,0,0,1,0,0,0,0,0,0,0,0,1,0,0,0,0,0,1,0,0,0,0,0,0,0,1
9.0,20.0,20.0,80.0,4,36.0,0,2.22,0,1,0,0,0,0,0,0,0,0,0,1,0,0,0,0,0,0,0,0,0,0,1,0,0,0,1,0
18.3,180.0,180.0,2340.0,13,237.9,103,9.84,0,0,0,0,1,0,0,0,0,0,0,0,0,1,0,0,0,0,0,0,0,0,0,0,0,0,0,1
9.0,60.0,65.0,185.0,3,27.0,0,6.85,0,0,0,0,0,0,0,0,0,0,0,1,0,0,0,0,0,0,0,0,0,1,0,0,0,0,1,0
6.3,10.0,10.0,160.0,16,100.8,0,1.59,0,1,0,0,0,0,1,0,0,0,0,0,0,0,0,0,0,0,0,0,0,0,1,0,0,0,0,0
12.0,84.0,84.0,4704.0,56,672.0,591,7.0,0,0,0,0,0,0,0,1,0,0,0,0,0,0,0,0,0,0,0,0,0,0,1,0,0,0,1,0
9.0,50.0,50.0,450.0,9,81.0,1072,5.56,0,0,0,0,0,0,0,0,0,0,0,1,0,0,0,0,0,0,0,0,0,0,0,0,1,0,0,0
9.0,55.0,55.0,165.0,3,27.0,804,6.11,1,0,0,0,0,0,0,0,0,0,0,1,0,0,0,0,0,0,0,0,0,1,0,0,0,0,0,0
18.3,110.0,180.0,19650.0,127,2324.1,147,8.45,0,0,0,0,0,0,0,0,0,0,0,0,0,1,0,0,0,0,0,1,0,0,0,0,0,0,0,1
12.0,112.0,120.0,1072.0,9,108.0,109,9.93,0,0,0,0,1,0,0,0,1,0,0,0,0,0,0,0,1,0,0,0,0,0,0,0,0,0,0,1
9.0,40.0,40.0,1000.0,25,225.0,0,4.44,1,0,0,0,0,0,0,0,0,0,0,1,0,0,0,0,0,0,0,0,0,1,0,0,0,0,0,1
12.0,50.0,50.0,500.0,10,120.0,170,4.17,0,0,0,0,1,0,0,1,0,0,0,0,0,0,0,0,0,0,0,0,0,0,1,0,0,0,0,0
18.3,70.0,70.0,70.0,1,18.3,0,3.83,1,0,0,0,0,0,0,0,0,0,0,0,0,1,0,0,0,0,0,0,0,0,0,0,0,0,0,1
400.0,1500.0,2000.0,9300.0,5,2000.0,129,4.65,0,0,0,0,0,0,0,0,0,0,1,0,0,0,0,0,0,1,0,0,0,0,0,0,0,0,0,0
9.0,10.0,35.0,1260.0,41,369.0,3,3.41,0,1,0,0,0,0,0,0,0,0,0,1,0,0,0,0,0,0,0,0,0,0,1,0,0,0,1,0
9.0,50.0,55.0,615.0,12,108.0,0,5.69,0,0,0,0,1,0,0,0,0,0,0,1,0,0,0,0,0,0,0,0,0,1,0,0,0,0,0,1
9.0,40.0,60.0,5275.0,110,990.0,0,5.33,1,0,0,0,0,0,0,0,0,0,0,1,0,0,0,0,0,0,0,0,0,1,0,0,0,0,0,1
9.0,30.0,55.0,3355.0,108,972.0,180,3.45,0,0,0,0,1,0,0,0,0,0,0,1,0,0,0,0,0,0,0,0,0,1,0,0,0,0,0,0
12.0,120.0,120.0,7680.0,64,768.0,0,10.0,0,0,0,0,1,0,0,1,0,0,0,0,0,0,0,0,1,0,0,0,0,0,0,0,0,0,0,1
400.0,1200.0,2000.0,9800.0,7,2800.0,85,3.5,0,0,0,0,0,0,0,0,0,0,1,0,0,0,0,0,0,1,0,0,0,0,0,0,0,1,0,0
12.0,112.0,112.0,14336.0,128,1536.0,448,9.33,0,0,0,0,1,0,0,1,0,0,0,0,0,0,0,0,1,0,0,0,0,0,0,0,0,1,0,0
12.0,40.0,72.0,7283.0,151,1812.0,734,4.02,1,0,0,0,0,0,0,1,0,0,0,0,0,0,0,0,0,1,0,0,0,0,0,0,0,0,1,0
12.0,45.0,120.0,17590.0,234,2808.0,820,6.26,0,0,0,0,0,0,0,1,0,0,0,0,0,0,0,0,0,1,0,0,0,0,0,0,0,0,0,0
12.0,80.0,80.0,5120.0,64,768.0,0,6.67,0,0,0,0,0,1,0,1,0,0,0,0,0,0,0,0,0,1,0,0,0,0,0,0,0,0,0,0
12.0,128.0,128.0,8192.0,64,768.0,0,10.67,0,1,0,0,0,0,0,1,0,0,0,0,0,0,0,0,0,1,0,0,0,0,0,0,0,0,0,1
12.0,120.0,120.0,1440.0,12,144.0,45,10.0,0,0,0,0,1,0,0,1,0,0,0,0,0,0,0,0,1,0,0,0,0,0,0,0,0,0,0,1
9.0,50.0,60.0,910.0,17,153.0,217,5.95,0,0,0,0,0,0,0,0,0,0,0,1,0,0,0,0,0,0,0,0,0,0,0,1,0,0,0,0
18.3,200.0,200.0,20000.0,100,1830.0,586,10.93,0,0,0,0,1,0,0,0,0,0,0,0,0,1,0,0,0,0,0,0,0,0,0,0,0,0,0,0
18.3,80.0,140.0,1140.0,10,183.0,3,6.23,0,0,0,0,0,0,0,0,0,0,0,0,0,1,0,0,0,0,0,1,0,0,0,0,0,0,0,1
9.0,40.0,60.0,30700.0,695,6255.0,132,4.91,0,0,0,0,0,0,0,0,0,0,0,1,0,0,0,0,0,0,0,0,0,0,1,0,0,0,0,1
18.3,260.0,260.0,7020.0,27,494.1,107,14.21,0,0,0,0,1,0,0,0,0,0,0,0,0,1,0,0,0,0,0,0,0,0,0,0,0,0,1,0
9.0,30.0,30.0,2400.0,80,720.0,0,3.33,0,0,1,0,0,0,0,0,0,0,0,1,0,0,0,0,0,0,0,0,0,0,1,0,0,0,0,0
12.0,30.0,112.0,5442.0,91,1092.0,1157,4.98,0,0,0,0,0,0,0,1,0,0,0,0,0,0,0,0,0,1,0,0,0,0,0,0,0,0,0,1
9.0,55.0,55.0,1430.0,26,234.0,4258,6.11,0,0,0,0,1,0,0,0,0,0,0,1,0,0,0,0,0,0,0,0,0,0,1,0,0,0,0,0
18.3,220.0,220.0,1100.0,5,91.5,335,12.02,0,0,0,0,0,1,0,0,0,0,0,0,0,1,0,0,0,0,0,0,0,0,0,0,0,0,1,0
11.0,50.0,65.0,4365.0,86,946.0,115,4.61,0,0,0,0,0,0,0,0,0,0,0,0,1,0,0,0,0,0,0,0,0,0,1,0,0,0,0,0
18.3,170.0,190.0,3320.0,18,329.4,974,10.08,0,0,0,0,1,0,0,0,0,0,0,0,0,1,0,0,0,0,0,1,0,0,0,0,0,0,0,0
18.3,100.0,150.0,52950.0,419,7667.7,2746,6.91,0,0,0,0,0,0,0,0,0,0,0,0,0,1,0,0,0,1,0,0,0,0,0,0,0,0,0,1
12.0,104.0,104.0,3120.0,30,360.0,418,8.67,0,0,0,0,0,1,0,1,0,0,0,0,0,0,0,0,0,1,0,0,0,0,0,0,0,0,0,0
11.0,40.0,65.0,12925.0,285,3135.0,1303,4.12,0,0,0,0,0,0,0,0,0,0,0,0,1,0,0,0,0,0,0,0,0,0,1,0,0,0,0,0
12.0,112.0,120.0,1696.0,15,180.0,667,9.42,0,0,0,0,1,0,0,1,0,0,0,0,0,0,0,0,0,1,0,0,0,0,0,0,0,1,0,0
9.0,45.0,60.0,685.0,13,117.0,270,5.85,0,0,0,0,0,0,0,0,0,0,0,1,0,0,0,0,0,0,0,0,1,0,0,0,0,0,0,0
18.3,140.0,140.0,6860.0,49,896.7,0,7.65,1,0,0,0,0,0,0,0,0,0,0,0,0,1,0,0,0,0,0,0,0,0,0,0,0,0,0,1
18.3,140.0,160.0,55840.0,398,7283.4,2190,7.67,0,0,0,0,1,0,0,0,0,0,0,0,0,1,0,0,0,0,0,0,0,0,0,0,0,0,0,0
12.0,80.0,112.0,33700.0,369,4428.0,194,7.61,0,0,0,0,0,0,0,1,0,0,0,0,0,0,0,0,1,0,0,0,0,0,0,0,0,0,0,1
12.0,136.0,140.0,66384.0,488,5856.0,310,11.34,0,0,0,0,0,0,0,1,0,0,0,0,0,0,0,0,1,0,0,0,0,0,0,0,0,0,1,0
12.0,96.0,112.0,25992.0,249,2988.0,803,8.7,0,0,0,0,0,0,0,1,0,0,0,0,0,0,0,0,1,0,0,0,0,0,0,0,0,0,0,0
12.0,104.0,104.0,416.0,4,48.0,414,8.67,0,0,0,0,0,1,0,1,0,0,0,0,0,0,0,0,0,1,0,0,0,0,0,0,0,0,0,0
9.0,60.0,80.0,870.0,12,108.0,78,8.06,0,0,0,0,0,0,0,0,0,0,0,1,0,0,0,0,0,0,0,0,1,0,0,0,0,0,1,0
9.0,40.0,40.0,800.0,20,180.0,383,4.44,0,0,0,0,0,0,0,0,0,0,0,1,0,0,0,0,0,0,0,0,0,0,0,0,1,0,0,0
12.0,96.0,120.0,49512.0,498,5976.0,4778,8.29,0,0,0,0,0,0,0,1,0,0,0,0,0,0,0,0,0,1,0,0,0,0,0,0,0,0,1,0
9.0,50.0,50.0,500.0,10,90.0,145,5.56,0,0,0,0,0,1,0,0,0,0,0,1,0,0,0,0,0,0,0,0,0,1,0,0,0,0,0,1
11.0,50.0,65.0,1275.0,25,275.0,0,4.64,0,0,0,0,0,0,0,0,0,0,0,0,1,0,0,0,0,0,0,0,0,0,1,0,0,0,0,1
9.0,52.0,55.0,4735.0,91,819.0,1104,5.78,0,0,0,0,1,0,0,0,0,0,0,1,0,0,0,0,0,0,0,0,0,0,1,0,0,0,0,0
18.3,112.0,140.0,1936.0,15,274.5,683,7.05,0,0,0,0,0,0,0,0,0,0,0,0,0,1,0,0,0,1,0,0,0,0,0,0,0,0,0,0
12.0,55.0,60.0,505.0,9,108.0,48,4.68,1,0,0,0,0,0,0,1,0,0,0,0,0,0,0,0,0,1,0,0,0,0,0,0,0,0,0,1
12.0,96.0,120.0,10464.0,96,1152.0,856,9.08,0,0,0,0,0,0,0,1,0,0,0,0,0,0,0,0,1,0,0,0,0,0,0,0,0,0,0,0
18.3,80.0,170.0,3210.0,39,713.7,241,4.5,0,0,0,0,0,0,0,0,0,0,0,0,0,1,0,0,1,0,0,0,0,0,0,0,0,0,1,0
12.5,60.0,80.0,8120.0,126,1575.0,0,5.16,0,0,0,0,0,0,0,0,0,0,0,0,0,0,1,0,1,0,0,0,0,0,0,0,0,0,1,0
18.3,130.0,160.0,4200.0,32,585.6,53,7.17,0,0,0,0,0,1,0,0,0,0,0,0,0,1,0,0,0,1,0,0,0,0,0,0,0,1,0,0
400.0,800.0,800.0,1600.0,2,800.0,0,2.0,0,1,0,0,0,0,0,0,0,0,1,0,0,0,0,0,0,0,0,0,0,1,0,0,0,0,0,1
12.0,84.0,96.0,3936.0,43,516.0,247,7.63,0,0,0,0,0,0,0,0,1,0,0,0,0,0,0,0,0,1,0,0,0,0,0,0,0,0,0,1
400.0,2000.0,2400.0,8800.0,4,1600.0,36,5.5,0,0,0,0,1,0,0,0,0,0,1,0,0,0,0,0,0,1,0,0,0,0,0,0,0,0,0,1
9.0,50.0,70.0,20412.0,333,2997.0,438,6.81,0,0,0,0,0,0,0,0,0,0,0,1,0,0,0,0,0,0,0,0,0,1,0,0,0,0,1,0
18.3,120.0,150.0,42060.0,318,5819.4,7,7.23,0,0,0,0,0,0,0,0,0,0,0,0,0,1,0,0,0,1,0,0,0,0,0,0,0,0,1,0
3.0,17.0,17.0,1700.0,100,300.0,299,5.67,0,0,0,0,0,0,0,0,0,0,0,0,0,0,0,0,0,1,0,0,0,0,0,0,0,0,0,1
9.0,60.0,60.0,1380.0,23,207.0,53,6.67,0,0,0,0,0,0,0,0,0,0,0,1,0,0,0,0,0,0,0,0,0,1,0,0,0,0,0,1
9.0,50.0,50.0,50.0,1,9.0,0,5.56,1,0,0,0,0,0,0,0,0,0,0,1,0,0,0,0,0,0,0,0,0,0,1,0,0,0,0,1
18.3,190.0,200.0,4200.0,22,402.6,1380,10.43,0,0,0,0,0,0,0,0,0,0,0,0,0,1,0,0,1,0,0,0,0,0,0,0,0,0,1,0
11.0,70.0,80.0,61900.0,880,9680.0,138,6.39,0,0,0,0,0,0,0,0,0,0,0,0,1,0,0,0,0,0,0,0,0,1,0,0,0,0,1,0
18.3,100.0,200.0,32920.0,217,3971.1,171,8.29,0,0,0,0,0,0,0,0,0,0,0,0,0,1,0,0,0,0,0,0,0,0,0,0,0,0,1,0
12.0,112.0,112.0,112.0,1,12.0,189,9.33,0,0,0,0,0,0,0,1,0,0,0,0,0,0,0,0,1,0,0,0,0,0,0,0,0,0,0,1
12.0,96.0,112.0,147564.0,1432,17184.0,816,8.59,0,0,0,0,0,0,0,1,0,0,0,0,0,0,0,0,1,0,0,0,0,0,0,0,0,0,1,0
12.0,80.0,104.0,4008.0,43,516.0,69,7.77,0,0,0,0,0,0,0,1,0,0,0,0,0,0,0,0,1,0,0,0,0,0,0,0,0,0,0,1
18.3,160.0,200.0,35360.0,211,3861.3,789,9.16,0,0,0,0,0,0,0,0,0,0,0,0,0,1,0,0,0,0,0,0,0,0,0,0,0,0,0,1
12.0,100.0,130.0,26464.0,263,3156.0,377,8.39,0,0,0,0,0,0,0,1,0,0,0,0,0,0,0,0,0,0,0,0,0,0,0,0,0,0,1,0
18.3,130.0,140.0,6180.0,46,841.8,9,7.34,0,0,0,0,1,0,0,0,0,0,0,0,0,1,0,0,1,0,0,0,0,0,0,0,0,0,0,0
12.0,36.0,36.0,3240.0,90,1080.0,0,3.0,1,0,0,0,0,0,0,1,0,0,0,0,0,0,0,0,0,1,0,0,0,0,0,0,0,0,0,0
18.3,100.0,130.0,20260.0,193,3531.9,190,5.74,0,0,0,0,1,0,0,0,0,0,0,0,0,1,0,0,0,1,0,0,0,0,0,0,0,0,0,0
9.0,55.0,55.0,825.0,15,135.0,221,6.11,0,0,0,0,1,0,0,0,0,0,0,1,0,0,0,0,0,0,0,0,1,0,0,0,0,0,0,1
18.3,140.0,150.0,1550.0,11,201.3,591,7.7,0,0,0,0,0,0,0,0,0,0,0,0,0,1,0,0,0,0,0,1,0,0,0,0,0,0,0,0
18.3,140.0,140.0,840.0,6,109.8,925,7.65,0,0,0,0,1,0,0,0,0,0,0,0,0,1,0,0,0,0,0,1,0,0,0,0,0,0,0,0
12.0,64.0,64.0,5632.0,88,1056.0,154,5.33,1,0,0,0,0,0,0,1,0,0,0,0,0,0,0,0,0,1,0,0,0,0,0,0,0,1,0,0
3.0,10.0,10.0,20.0,2,6.0,8,3.33,0,1,0,0,0,0,0,0,0,0,0,0,0,0,0,0,0,0,0,0,0,0,1,0,0,0,0,0
18.3,100.0,100.0,200.0,2,36.6,518,5.46,0,0,0,0,0,0,0,0,0,0,0,0,0,1,0,0,1,0,0,0,0,0,0,0,0,0,0,0
18.3,150.0,170.0,830.0,5,91.5,178,9.07,0,0,0,0,0,0,0,0,0,0,0,0,0,1,0,0,0,1,0,0,0,0,0,0,0,0,0,0
9.0,40.0,60.0,540.0,11,99.0,372,5.45,0,0,0,0,0,0,0,0,0,0,0,1,0,0,0,0,0,0,0,0,0,0,0,0,1,0,0,0
9.0,50.0,60.0,23110.0,386,3474.0,348,6.65,0,0,0,0,0,0,0,0,0,0,0,1,0,0,0,0,0,0,0,0,0,0,1,0,0,1,0,0
18.3,200.0,200.0,200.0,1,18.3,0,10.93,0,0,0,0,1,0,0,0,0,0,0,0,0,1,0,0,0,0,0,1,0,0,0,0,0,0,1,0
400.0,1800.0,1800.0,10800.0,6,2400.0,9,4.5,0,0,0,0,0,0,0,0,0,0,1,0,0,0,0,0,0,0,0,0,0,0,1,0,0,0,0,1
18.3,50.0,140.0,29620.0,277,5069.1,342,5.84,0,0,0,0,0,0,0,0,0,0,0,0,0,1,0,0,1,0,0,0,0,0,0,0,0,0,0,0
12.0,80.0,80.0,5120.0,64,768.0,0,6.67,0,0,0,0,0,1,0,1,0,0,0,0,0,0,0,0,0,0,0,0,0,0,0,0,0,0,0,0
9.0,52.0,55.0,214.0,4,36.0,176,5.94,0,0,0,0,1,0,0,0,0,0,0,1,0,0,0,0,0,0,0,0,1,0,0,0,0,1,0,0
18.3,70.0,190.0,9930.0,95,1738.5,301,5.71,0,0,0,0,0,0,0,0,0,0,0,0,0,1,0,0,1,0,0,0,0,0,0,0,0,0,0,1
12.0,72.0,1800.0,99043.0,1071,12852.0,3891,7.71,0,0,0,0,0,0,0,1,0,0,0,0,0,0,0,0,0,1,0,0,0,0,0,0,0,0,0,1
12.0,70.0,112.0,137096.0,1372,16464.0,1134,8.33,0,0,0,0,0,0,0,1,0,0,0,0,0,0,0,0,0,1,0,0,0,0,0,0,0,0,0,1
18.3,80.0,120.0,40580.0,400,7320.0,168,5.54,0,0,0,0,0,0,0,0,0,0,0,0,0,1,0,0,0,1,0,0,0,0,0,0,0,0,0,0
9.0,80.0,80.0,800.0,10,90.0,70,8.89,0,0,0,0,0,0,0,0,0,0,0,1,0,0,0,0,0,0,0,0,0,0,1,0,0,0,1,0
12.0,108.0,128.0,8488.0,77,924.0,429,9.19,0,0,0,0,1,0,0,1,0,0,0,0,0,0,0,0,1,0,0,0,0,0,0,0,0,0,0,0
18.3,110.0,180.0,16790.0,133,2433.9,305,6.9,0,0,0,0,0,0,0,0,0,0,0,0,0,1,0,0,1,0,0,0,0,0,0,0,0,0,0,0
12.0,128.0,128.0,128.0,1,12.0,42,10.67,0,1,0,0,0,0,0,0,1,0,0,0,0,0,0,0,0,1,0,0,0,0,0,0,0,0,0,1
18.3,100.0,140.0,1380.0,13,237.9,0,5.8,0,1,0,0,0,0,0,0,0,0,0,0,0,1,0,0,0,0,0,0,0,0,0,0,0,0,0,1
9.0,55.0,60.0,730.0,13,117.0,306,6.24,0,0,0,0,0,0,0,0,0,0,0,1,0,0,0,0,0,0,0,0,0,0,1,0,0,0,0,1
12.0,40.0,40.0,1000.0,25,300.0,0,3.33,0,1,0,0,0,0,0,0,1,0,0,0,0,0,0,0,0,1,0,0,0,0,0,0,0,0,0,1
3.0,18.0,18.0,3600.0,200,600.0,700,6.0,0,0,0,0,0,0,0,0,0,0,0,0,0,0,0,0,0,1,0,0,0,0,0,0,0,0,0,1
12.0,80.0,85.0,325.0,4,48.0,3,6.77,1,0,0,0,0,0,0,1,0,0,0,0,0,0,0,0,0,1,0,0,0,0,0,0,0,0,0,0
9.0,80.0,90.0,26620.0,328,2952.0,72,9.02,0,0,0,0,0,0,0,0,0,0,0,1,0,0,0,0,0,0,0,0,1,0,0,0,0,0,1,0
12.0,88.0,104.0,9040.0,99,1188.0,157,7.61,0,0,0,0,1,0,0,1,0,0,0,0,0,0,0,0,1,0,0,0,0,0,0,0,0,0,0,0
400.0,2000.0,2000.0,22000.0,11,4400.0,91,5.0,0,0,0,0,0,0,0,0,0,0,1,0,0,0,0,0,0,1,0,0,0,0,0,0,0,0,0,1
9.0,50.0,50.0,250.0,5,45.0,76,5.56,0,0,0,0,0,0,0,0,0,0,0,1,0,0,0,0,0,0,0,0,0,1,0,0,0,0,0,1
12.0,81.0,81.0,1944.0,24,288.0,44,6.75,1,0,0,0,0,0,0,1,0,0,0,0,0,0,0,0,0,1,0,0,0,0,0,0,0,0,1,0
9.0,60.0,60.0,60.0,1,9.0,48,6.67,0,0,0,0,0,0,0,0,0,0,0,1,0,0,0,0,0,0,0,0,1,0,0,0,0,0,1,0
9.0,60.0,60.0,480.0,8,72.0,0,6.67,0,0,0,0,0,0,0,0,0,0,0,1,0,0,0,0,0,0,0,0,0,0,0,0,1,0,0,1
9.0,50.0,60.0,5780.0,105,945.0,150,6.12,0,0,0,0,0,0,0,0,0,0,0,1,0,0,0,0,0,0,0,0,0,1,0,0,0,0,0,0
400.0,1500.0,2000.0,355000.0,179,71600.0,5,4.96,0,0,0,0,0,0,0,0,0,0,1,0,0,0,0,0,0,1,0,0,0,0,0,0,0,0,0,1
400.0,1800.0,1800.0,10800.0,6,2400.0,9,4.5,0,0,0,0,0,0,0,0,0,0,1,0,0,0,0,0,0,0,0,0,0,0,1,0,0,0,0,1
18.3,120.0,180.0,56075.0,334,6112.2,312,9.17,0,0,0,0,0,0,0,0,0,0,0,0,0,1,0,0,0,0,0,0,0,0,0,0,0,0,0,1
18.3,170.0,180.0,37380.0,217,3971.1,103,9.41,0,0,0,0,0,0,0,0,0,0,0,0,0,1,0,0,1,0,0,0,0,0,0,0,0,0,0,0
11.0,70.0,70.0,19600.0,280,3080.0,360,6.36,0,0,0,0,0,0,0,0,0,0,0,0,1,0,0,0,0,0,0,0,0,1,0,0,0,0,0,1
9.0,50.0,50.0,1050.0,21,189.0,154,5.56,0,0,0,0,0,0,0,0,0,0,0,1,0,0,0,0,0,0,0,0,0,0,1,0,0,0,0,0
18.3,180.0,190.0,3070.0,17,311.1,151,9.87,0,0,0,0,1,0,0,0,0,0,0,0,0,1,0,0,0,0,0,0,0,0,0,0,0,0,0,1
9.0,50.0,70.0,9785.0,180,1620.0,0,6.04,0,0,0,0,1,0,0,0,0,0,0,1,0,0,0,0,0,0,0,0,0,1,0,0,0,0,0,1
18.3,160.0,160.0,2560.0,16,292.8,516,8.74,0,0,0,0,0,0,0,0,0,0,0,0,0,1,0,0,1,0,0,0,0,0,0,0,0,0,0,1
11.0,60.0,60.0,9900.0,165,1815.0,457,5.45,0,0,0,0,0,0,0,0,0,0,0,0,1,0,0,0,0,0,0,0,0,1,0,0,0,0,0,1
9.0,62.0,65.0,21370.0,344,3096.0,16,6.9,0,0,0,0,1,0,0,0,0,0,0,1,0,0,0,0,0,0,0,0,0,1,0,0,0,1,0,0
9.0,60.0,60.0,180.0,3,27.0,274,6.67,0,0,0,0,1,0,0,0,0,0,0,1,0,0,0,0,0,0,0,0,1,0,0,0,0,0,0,0
9.0,59.0,70.0,4299.0,71,639.0,19,6.73,0,0,0,0,1,0,0,0,0,0,0,1,0,0,0,0,0,0,0,0,1,0,0,0,0,0,0,1
9.0,50.0,50.0,450.0,9,81.0,9,5.56,0,0,0,0,0,0,0,0,0,0,0,1,0,0,0,0,0,0,0,0,0,1,0,0,0,1,0,0
18.3,150.0,190.0,23120.0,138,2525.4,732,9.15,0,0,0,0,0,0,0,0,0,0,0,0,0,1,0,0,0,0,0,0,0,0,0,0,0,0,0,0
18.3,140.0,160.0,28880.0,194,3550.2,529,8.13,0,0,0,0,0,0,0,0,0,0,0,0,0,1,0,0,1,0,0,0,0,0,0,0,0,1,0,0
400.0,1600.0,1700.0,5000.0,3,1200.0,0,4.17,0,1,0,0,0,0,0,0,0,0,1,0,0,0,0,0,1,0,0,0,0,0,0,0,0,0,0,1
18.3,100.0,100.0,2100.0,21,384.3,195,5.46,0,0,0,0,0,0,0,0,0,0,0,0,0,1,0,0,0,1,0,0,0,0,0,0,0,0,0,0
9.0,55.0,60.0,1005.0,17,153.0,317,6.57,0,0,0,0,1,0,0,0,0,0,0,1,0,0,0,0,0,0,0,0,1,0,0,0,0,0,0,0
18.3,100.0,140.0,12540.0,112,2049.6,425,6.12,0,0,0,0,0,0,0,0,0,0,0,0,0,1,0,0,0,1,0,0,0,0,0,0,0,0,0,0
400.0,800.0,800.0,800.0,1,400.0,1,2.0,0,1,0,0,0,0,0,0,0,0,1,0,0,0,0,0,0,1,0,0,0,0,0,0,0,1,0,0
12.0,40.0,120.0,369464.0,4237,50844.0,3362,7.27,0,0,0,0,0,0,0,1,0,0,0,0,0,0,0,0,0,1,0,0,0,0,0,0,0,0,0,1
9.0,55.0,55.0,11550.0,210,1890.0,150,6.11,0,0,0,0,0,1,0,0,0,0,0,1,0,0,0,0,0,0,0,0,0,0,1,0,0,0,0,0
18.3,140.0,150.0,25850.0,184,3367.2,432,7.68,0,0,0,0,0,1,0,0,0,0,0,0,0,1,0,0,0,0,0,1,0,0,0,0,0,0,1,0
12.0,80.0,96.0,10114.0,121,1452.0,2756,6.97,0,0,0,0,0,0,0,1,0,0,0,0,0,0,0,0,0,1,0,0,0,0,0,0,0,0,0,0
18.3,160.0,170.0,8650.0,51,933.3,68,9.27,0,0,0,0,1,0,0,0,0,0,0,0,0,1,0,0,0,0,0,0,0,0,0,0,0,1,0,0
12.0,84.0,128.0,26663.0,284,3408.0,138,7.82,0,0,0,0,0,0,0,1,0,0,0,0,0,0,0,0,0,1,0,0,0,0,0,0,0,0,1,0
18.3,140.0,150.0,52840.0,356,6514.8,484,8.11,0,0,0,0,0,0,0,0,0,0,0,0,0,1,0,0,0,1,0,0,0,0,0,0,0,0,0,0
12.0,40.0,40.0,560.0,14,168.0,0,3.33,0,1,0,0,0,0,0,1,0,0,0,0,0,0,0,0,0,1,0,0,0,0,0,0,0,0,0,1
18.3,100.0,120.0,4970.0,46,841.8,4,5.9,1,0,0,0,0,0,0,0,0,0,0,0,0,1,0,0,0,0,0,0,0,0,0,0,0,0,0,0
9.0,50.0,70.0,19170.0,378,3402.0,26,5.63,0,0,0,0,0,0,0,0,0,0,0,1,0,0,0,0,0,0,0,0,0,0,1,0,0,0,1,0
18.3,140.0,180.0,3630.0,24,439.2,200,8.27,0,0,0,0,0,0,0,0,0,0,0,0,0,1,0,0,0,0,0,0,0,0,0,0,0,0,0,1
12.0,120.0,120.0,3240.0,27,324.0,530,10.0,0,0,0,0,1,0,0,1,0,0,0,0,0,0,0,0,1,0,0,0,0,0,0,0,0,1,0,0
12.0,30.0,30.0,2580.0,86,1032.0,0,2.5,0,0,0,0,1,0,0,1,0,0,0,0,0,0,0,0,0,0,0,0,0,0,1,0,0,0,0,0
18.3,100.0,200.0,44040.0,284,5197.2,266,8.47,0,0,0,0,0,0,0,0,0,0,0,0,0,1,0,0,0,0,0,0,0,0,0,0,0,0,1,0
12.0,80.0,80.0,15360.0,192,2304.0,166,6.67,0,0,0,0,0,1,0,1,0,0,0,0,0,0,0,0,1,0,0,0,0,0,0,0,0,0,0,0
18.3,160.0,180.0,49860.0,294,5380.2,0,9.27,0,0,0,0,1,0,0,0,0,0,0,0,0,1,0,0,0,0,0,0,0,0,0,0,0,0,0,1
9.0,50.0,70.0,15635.0,270,2430.0,0,6.43,0,0,0,0,1,0,0,0,0,0,0,1,0,0,0,0,0,0,0,0,0,1,0,0,0,0,0,1
12.0,50.0,72.0,8760.0,150,1800.0,37,4.87,1,0,0,0,0,0,0,1,0,0,0,0,0,0,0,0,0,1,0,0,0,0,0,0,0,0,0,1
9.0,50.0,60.0,585.0,11,99.0,299,5.91,0,0,0,0,0,0,0,0,0,0,0,1,0,0,0,0,0,0,0,0,1,0,0,0,0,0,0,0
9.0,50.0,50.0,100.0,2,18.0,188,5.56,0,0,0,0,0,1,0,0,0,0,0,1,0,0,0,0,0,0,0,0,0,0,1,0,0,0,0,1
400.0,300.0,400.0,700.0,2,800.0,0,0.88,0,0,0,0,0,0,0,0,0,0,1,0,0,0,0,0,0,0,0,0,0,0,1,0,0,0,1,0
12.0,92.0,112.0,63088.0,648,7776.0,512,8.11,0,0,0,0,1,0,0,1,0,0,0,0,0,0,0,0,0,1,0,0,0,0,0,0,0,0,0,0
9.0,55.0,55.0,2145.0,39,351.0,1538,6.11,0,0,0,0,1,0,0,0,0,0,0,1,0,0,0,0,0,0,0,0,0,0,1,0,0,0,0,0
9.0,50.0,65.0,34655.0,677,6093.0,99,5.69,0,0,0,0,0,0,0,0,0,0,0,1,0,0,0,0,0,0,0,0,0,0,1,0,0,0,0,1
12.0,88.0,90.0,1234.0,14,168.0,342,7.35,0,0,0,0,0,0,0,1,0,0,0,0,0,0,0,0,0,0,0,0,0,0,0,0,0,0,0,1
400.0,2000.0,2000.0,76000.0,38,15200.0,39,5.0,0,0,0,0,0,0,0,0,0,0,1,0,0,0,0,0,0,1,0,0,0,0,0,0,0,0,0,1
18.3,100.0,150.0,36850.0,338,6185.4,1788,5.96,0,0,0,0,0,0,0,0,0,0,0,0,0,1,0,0,0,1,0,0,0,0,0,0,0,0,0,1
12.0,120.0,120.0,240.0,2,24.0,100,10.0,0,0,0,0,1,0,0,0,1,0,0,0,0,0,0,0,1,0,0,0,0,0,0,0,0,0,0,1
18.3,140.0,180.0,21150.0,138,2525.4,490,8.37,0,0,0,0,0,0,0,0,0,0,0,0,0,1,0,0,0,0,0,1,0,0,0,0,0,0,0,0
12.5,70.0,70.0,280.0,4,50.0,172,5.6,1,0,0,0,0,0,0,0,0,0,0,0,0,0,1,0,1,0,0,0,0,0,0,0,0,0,0,0
18.3,140.0,200.0,110360.0,727,13304.1,886,8.3,0,0,0,0,0,0,0,0,0,0,0,0,0,1,0,0,0,0,0,0,0,0,0,0,0,0,0,0
9.0,50.0,60.0,2890.0,53,477.0,54,6.06,1,0,0,0,0,0,0,0,0,0,0,1,0,0,0,0,0,0,0,0,1,0,0,0,0,0,0,1
11.0,70.0,90.0,320.0,4,44.0,172,7.27,0,0,0,0,0,0,0,0,0,0,0,0,1,0,0,0,0,0,0,0,1,0,0,0,0,0,1,0
9.0,55.0,70.0,19025.0,292,2628.0,664,7.24,0,0,0,0,0,0,0,0,0,0,0,1,0,0,0,0,0,0,0,0,0,1,0,0,0,0,1,0
12.0,112.0,112.0,4592.0,41,492.0,519,9.33,0,0,0,0,1,0,0,1,0,0,0,0,0,0,0,0,0,1,0,0,0,0,0,0,0,1,0,0
9.0,60.0,60.0,2460.0,41,369.0,121,6.67,1,0,0,0,0,0,0,0,0,0,0,1,0,0,0,0,0,0,0,0,0,1,0,0,0,0,0,1
9.0,50.0,50.0,500.0,10,90.0,386,5.56,0,0,0,0,0,1,0,0,0,0,0,1,0,0,0,0,0,0,0,0,1,0,0,0,0,0,0,0
18.3,140.0,180.0,9880.0,64,1171.2,1114,8.44,0,0,0,0,0,0,0,0,0,0,0,0,0,1,0,0,0,0,0,0,0,0,0,0,0,1,0,0
12.0,96.0,96.0,36864.0,384,4608.0,61,8.0,0,0,0,0,1,0,0,0,1,0,0,0,0,0,0,0,0,1,0,0,0,0,0,0,0,0,0,0
9.0,35.0,35.0,1435.0,41,369.0,0,3.89,0,0,0,0,0,1,0,0,0,0,0,1,0,0,0,0,0,0,0,0,0,0,1,0,0,0,0,1
11.0,60.0,70.0,9880.0,161,1771.0,0,5.58,0,0,0,0,0,0,0,0,0,0,0,0,1,0,0,0,0,0,0,0,0,0,1,0,0,0,0,1
12.0,60.0,60.0,60.0,1,12.0,49,5.0,1,0,0,0,0,0,0,1,0,0,0,0,0,0,0,0,1,0,0,0,0,0,0,0,0,0,0,0
12.0,108.0,128.0,53936.0,474,5688.0,260,9.48,0,0,0,0,0,0,0,1,0,0,0,0,0,0,0,0,0,1,0,0,0,0,0,0,0,0,1,0
12.0,112.0,120.0,712.0,6,72.0,661,9.89,0,0,0,0,1,0,0,1,0,0,0,0,0,0,0,0,0,1,0,0,0,0,0,0,0,1,0,0
9.0,55.0,55.0,110.0,2,18.0,221,6.11,0,0,0,0,1,0,0,0,0,0,0,1,0,0,0,0,0,0,0,0,1,0,0,0,0,0,0,1
12.0,40.0,40.0,3080.0,77,924.0,93,3.33,0,0,0,0,1,0,0,1,0,0,0,0,0,0,0,0,0,0,0,0,0,0,1,0,0,0,0,0
12.0,114.0,120.0,4116.0,35,420.0,29,9.8,0,0,0,0,1,0,0,0,1,0,0,0,0,0,0,0,0,1,0,0,0,0,0,0,0,0,0,0
18.3,200.0,200.0,9800.0,49,896.7,0,10.93,0,0,0,0,1,0,0,0,0,0,0,0,0,1,0,0,0,0,0,1,0,0,0,0,0,0,1,0
12.0,88.0,120.0,20992.0,192,2304.0,0,9.11,0,0,0,0,1,0,0,1,0,0,0,0,0,0,0,0,0,0,0,0,0,0,0,0,0,0,1,0
12.0,2.0,112.0,56068.0,683,8196.0,1840,6.84,0,0,0,0,0,0,0,1,0,0,0,0,0,0,0,0,0,1,0,0,0,0,0,0,0,0,0,0
18.3,130.0,170.0,14920.0,88,1610.4,330,9.26,0,0,0,0,0,0,0,0,0,0,0,0,0,1,0,0,0,0,0,0,0,0,0,0,0,0,0,1
9.0,10.0,10.0,10.0,1,9.0,0,1.11,0,1,0,0,0,0,0,0,0,0,0,1,0,0,0,0,0,0,0,0,0,0,1,0,0,0,0,0
18.3,140.0,140.0,560.0,4,73.2,45,7.65,0,0,0,0,0,1,0,0,0,0,0,0,0,1,0,0,0,0,0,0,0,0,0,0,0,0,0,1
12.0,120.0,120.0,23040.0,192,2304.0,16,10.0,0,0,0,0,0,1,0,1,0,0,0,0,0,0,0,0,1,0,0,0,0,0,0,0,0,0,0,0
18.3,120.0,160.0,28560.0,220,4026.0,2343,7.09,0,0,0,0,0,0,0,0,0,0,0,0,0,1,0,0,0,1,0,0,0,0,0,0,0,0,0,1
18.3,140.0,170.0,41290.0,261,4776.3,1260,8.64,0,0,0,0,0,0,0,0,0,0,0,0,0,1,0,0,0,0,0,0,0,0,0,0,0,1,0,0
11.0,65.0,70.0,29230.0,429,4719.0,131,6.19,0,0,0,0,0,0,0,0,0,0,0,0,1,0,0,0,0,0,0,0,0,1,0,0,0,0,0,0
18.3,140.0,160.0,38080.0,265,4849.5,1501,7.85,0,0,0,0,1,0,0,0,0,0,0,0,0,1,0,0,0,0,0,0,0,0,0,0,0,0,0,0
18.3,80.0,80.0,3200.0,40,732.0,294,4.37,0,0,0,0,1,0,0,0,0,0,0,0,0,1,0,0,0,0,0,0,0,0,0,0,0,0,0,0
18.3,150.0,170.0,175110.0,1155,21136.5,169,8.28,0,0,0,0,1,0,0,0,0,0,0,0,0,1,0,0,0,0,0,0,0,0,0,0,0,0,0,0
18.3,100.0,190.0,57920.0,423,7740.9,1013,7.48,0,0,0,0,0,0,0,0,0,0,0,0,0,1,0,0,0,0,0,0,0,0,0,0,0,0,0,0
12.0,52.0,52.0,56524.0,1087,13044.0,0,4.33,0,1,0,0,0,0,0,1,0,0,0,0,0,0,0,0,1,0,0,0,0,0,0,0,0,0,0,1
12.0,90.0,90.0,5760.0,64,768.0,0,7.5,0,0,0,0,0,0,0,1,0,0,0,0,0,0,0,0,0,1,0,0,0,0,0,0,0,0,1,0
18.3,260.0,260.0,1560.0,6,109.8,178,14.21,0,0,0,0,1,0,0,0,0,0,0,0,0,1,0,0,0,0,0,1,0,0,0,0,0,0,1,0
18.3,140.0,140.0,2380.0,17,311.1,487,7.65,0,0,0,0,0,0,0,0,0,0,0,0,0,1,0,0,0,1,0,0,0,0,0,0,0,0,0,0
9.0,38.0,38.0,1140.0,30,270.0,267,4.22,0,0,0,0,0,1,0,0,0,0,0,1,0,0,0,0,0,0,0,0,0,1,0,0,0,0,0,1
9.0,30.0,60.0,13209.0,238,2142.0,353,6.17,0,0,0,0,0,0,0,0,0,0,0,1,0,0,0,0,0,0,0,0,0,0,1,0,0,0,0,0
18.3,160.0,180.0,11750.0,69,1262.7,224,9.31,0,0,0,0,0,0,0,0,0,0,0,0,0,1,0,0,0,0,0,0,0,0,0,0,0,0,0,1
9.0,50.0,60.0,5400.0,99,891.0,0,6.06,0,0,0,0,0,0,0,0,0,0,0,1,0,0,0,0,0,0,0,0,0,0,1,0,0,0,0,1
12.0,85.0,85.0,425.0,5,60.0,7,7.08,1,0,0,0,0,0,0,1,0,0,0,0,0,0,0,0,0,1,0,0,0,0,0,0,0,0,0,0
18.3,200.0,200.0,9400.0,47,860.1,21,10.93,0,0,0,0,1,0,0,0,0,0,0,0,0,1,0,0,0,0,0,0,0,0,0,0,0,0,0,0
12.0,81.0,108.0,2565.0,24,288.0,10,8.91,1,0,0,0,0,0,0,1,0,0,0,0,0,0,0,0,0,1,0,0,0,0,0,0,0,0,1,0
18.3,140.0,170.0,37320.0,239,4373.7,343,8.53,0,0,0,0,0,0,0,0,0,0,0,0,0,1,0,0,0,0,0,0,0,0,0,0,0,1,0,0
9.0,20.0,20.0,400.0,20,180.0,1,2.22,0,1,0,0,0,0,0,0,0,0,0,1,0,0,0,0,0,0,0,0,0,0,1,0,0,0,0,0
18.3,130.0,200.0,22530.0,133,2433.9,290,9.26,0,0,0,0,0,0,0,0,0,0,0,0,0,1,0,0,0,0,0,0,0,0,0,0,0,0,1,0
9.0,40.0,60.0,8170.0,170,1530.0,533,5.34,0,0,0,0,0,0,0,0,0,0,0,1,0,0,0,0,0,0,0,0,0,1,0,0,0,0,0,1
12.0,72.0,112.0,42128.0,457,5484.0,3482,7.68,0,0,0,0,0,0,0,1,0,0,0,0,0,0,0,0,0,1,0,0,0,0,0,0,0,0,0,1
12.0,60.0,132.0,30590.0,316,3792.0,1046,8.07,0,0,0,0,0,0,0,1,0,0,0,0,0,0,0,0,0,1,0,0,0,0,0,0,0,0,1,0
18.3,140.0,200.0,117270.0,770,14091.0,886,8.32,0,0,0,0,0,0,0,0,0,0,0,0,0,1,0,0,0,0,0,0,0,0,0,0,0,0,0,0
18.3,60.0,160.0,7910.0,66,1207.8,332,6.55,0,0,0,0,0,0,0,0,0,0,0,0,0,1,0,0,0,0,0,0,0,0,0,0,0,0,0,1
18.3,140.0,160.0,194390.0,1329,24320.7,236,7.99,0,0,0,0,0,0,0,0,0,0,0,0,0,1,0,0,0,1,0,0,0,0,0,0,0,0,0,0
9.0,50.0,55.0,8102.0,158,1422.0,0,5.7,0,0,0,0,1,0,0,0,0,0,0,1,0,0,0,0,0,0,0,0,0,0,1,0,0,0,0,1
12.0,90.0,102.0,1362.0,15,180.0,4,7.57,0,0,0,0,1,0,0,0,1,0,0,0,0,0,0,0,0,1,0,0,0,0,0,0,0,0,0,0
9.0,60.0,60.0,5400.0,90,810.0,0,6.67,0,0,0,0,1,0,0,0,0,0,0,1,0,0,0,0,0,0,0,0,0,1,0,0,0,0,0,1
12.0,90.0,120.0,48692.0,506,6072.0,1292,8.02,0,0,0,0,0,0,0,1,0,0,0,0,0,0,0,0,1,0,0,0,0,0,0,0,0,0,0,0
12.0,80.0,104.0,10600.0,129,1548.0,703,6.85,0,0,0,0,1,0,0,1,0,0,0,0,0,0,0,0,0,1,0,0,0,0,0,0,0,0,0,0
18.3,140.0,150.0,25850.0,184,3367.2,432,7.68,0,0,0,0,0,1,0,0,0,0,0,0,0,1,0,0,0,0,0,1,0,0,0,0,0,0,1,0
18.3,180.0,180.0,3960.0,22,402.6,4,9.84,0,0,0,0,1,0,0,0,0,0,0,0,0,1,0,0,0,0,0,1,0,0,0,0,0,0,0,1
12.0,80.0,80.0,4400.0,55,660.0,9,6.67,0,0,0,0,1,0,0,0,1,0,0,0,0,0,0,0,0,1,0,0,0,0,0,0,0,0,0,1
18.3,140.0,140.0,13720.0,98,1793.4,0,7.65,0,0,0,0,1,0,0,0,0,0,0,0,0,1,0,0,1,0,0,0,0,0,0,0,0,1,0,0
9.0,45.0,50.0,1400.0,31,279.0,185,5.02,1,0,0,0,0,0,0,0,0,0,0,1,0,0,0,0,0,0,0,0,0,1,0,0,0,0,0,0
18.3,100.0,180.0,11160.0,79,1445.7,657,7.72,0,0,0,0,0,0,0,0,0,0,0,0,0,1,0,0,0,0,0,0,0,0,0,0,0,0,0,1
9.0,50.0,50.0,50.0,1,9.0,62,5.56,0,0,0,0,0,0,0,0,0,0,0,1,0,0,0,0,0,0,0,0,0,0,0,1,0,0,0,0
11.0,60.0,60.0,60.0,1,11.0,183,5.45,0,0,0,0,0,0,0,0,0,0,0,0,1,0,0,0,0,0,0,0,0,1,0,0,0,0,1,0
18.3,160.0,180.0,194280.0,1084,19837.2,1588,9.79,0,0,0,0,0,0,0,0,0,0,0,0,0,1,0,0,0,0,0,0,0,0,0,0,0,0,1,0
11.0,70.0,70.0,5600.0,80,880.0,0,6.36,0,0,0,0,0,0,0,0,0,0,0,0,1,0,0,0,0,0,0,0,0,1,0,0,0,0,0,1
9.0,50.0,50.0,50.0,1,9.0,1457,5.56,0,0,0,0,1,0,0,0,0,0,0,1,0,0,0,0,0,0,0,0,0,0,1,0,0,0,0,0
18.3,150.0,160.0,1110.0,7,128.1,787,8.67,0,0,0,0,0,0,0,0,0,0,0,0,0,1,0,0,1,0,0,0,0,0,0,0,0,0,1,0
400.0,400.0,1200.0,6800.0,7,2800.0,20,2.43,0,1,0,0,0,0,0,0,0,0,1,0,0,0,0,0,0,1,0,0,0,0,0,0,0,0,0,1
9.0,45.0,60.0,3880.0,85,765.0,74,5.07,0,0,0,0,0,0,0,0,0,0,0,1,0,0,0,0,0,0,0,0,1,0,0,0,0,0,0,1
400.0,1200.0,2000.0,3200.0,2,800.0,9,4.0,0,0,0,0,0,0,0,0,0,0,1,0,0,0,0,0,0,1,0,0,0,0,0,0,0,1,0,0
9.0,40.0,60.0,22580.0,543,4887.0,132,4.62,0,0,0,0,0,0,0,0,0,0,0,1,0,0,0,0,0,0,0,0,0,0,1,0,0,0,0,1
9.0,55.0,60.0,28595.0,482,4338.0,150,6.59,0,0,0,0,0,0,0,0,0,0,0,1,0,0,0,0,0,0,0,0,1,0,0,0,0,0,0,0
9.0,38.0,50.0,3950.0,103,927.0,297,4.26,0,0,0,0,0,1,0,0,0,0,0,1,0,0,0,0,0,0,0,0,0,1,0,0,0,0,0,1
18.3,100.0,150.0,53150.0,479,8765.7,2359,6.06,0,0,0,0,0,0,0,0,0,0,0,0,0,1,0,0,0,1,0,0,0,0,0,0,0,1,0,0
12.0,96.0,102.0,7062.0,73,876.0,273,8.06,0,0,0,0,0,1,0,0,1,0,0,0,0,0,0,0,0,1,0,0,0,0,0,0,0,0,0,0
18.3,120.0,160.0,8770.0,66,1207.8,636,7.26,0,0,0,0,1,0,0,0,0,0,0,0,0,1,0,0,0,0,0,0,0,0,0,0,0,0,0,0
18.3,150.0,250.0,2870.0,12,219.6,351,13.07,0,0,0,0,0,0,0,0,0,0,0,0,0,1,0,0,0,0,0,0,0,0,0,0,0,0,1,0
12.0,96.0,96.0,96.0,1,12.0,84,8.0,0,0,0,0,0,0,0,1,0,0,0,0,0,0,0,0,1,0,0,0,0,0,0,0,0,0,0,1
12.0,120.0,120.0,3000.0,25,300.0,633,10.0,0,0,0,0,1,0,0,1,0,0,0,0,0,0,0,0,1,0,0,0,0,0,0,0,0,1,0,0
12.0,112.0,128.0,20936.0,175,2100.0,145,9.97,0,0,0,0,1,0,0,1,0,0,0,0,0,0,0,0,0,1,0,0,0,0,0,0,0,0,0,1
18.3,100.0,180.0,8620.0,78,1427.4,178,6.04,0,0,0,0,0,0,0,0,0,0,0,0,0,1,0,0,1,0,0,0,0,0,0,0,0,0,1,0
400.0,800.0,800.0,1600.0,2,800.0,0,2.0,0,1,0,0,0,0,0,0,0,0,1,0,0,0,0,0,0,0,0,0,0,1,0,0,0,0,0,1
18.3,170.0,180.0,3820.0,22,402.6,366,9.49,0,0,0,0,0,0,0,0,0,0,0,0,0,1,0,0,0,0,0,1,0,0,0,0,0,1,0,0
9.0,60.0,60.0,1200.0,20,180.0,382,6.67,0,0,0,0,0,0,0,0,0,0,0,1,0,0,0,0,0,0,0,0,1,0,0,0,0,0,0,0
18.3,120.0,120.0,13440.0,112,2049.6,164,6.56,0,0,0,0,1,0,0,0,0,0,0,0,0,1,0,0,1,0,0,0,0,0,0,0,0,0,0,0
9.0,55.0,55.0,2200.0,40,360.0,260,6.11,0,0,0,0,1,0,0,0,0,0,0,1,0,0,0,0,0,0,0,0,0,1,0,0,0,1,0,0
400.0,1500.0,2000.0,12300.0,7,2800.0,123,4.39,0,0,0,0,0,0,0,0,0,0,1,0,0,0,0,0,0,1,0,0,0,0,0,0,0,0,0,0
18.3,250.0,270.0,9290.0,36,658.8,56,14.1,0,0,0,0,0,0,0,0,0,0,0,0,0,1,0,0,0,0,0,1,0,0,0,0,0,0,1,0
18.3,120.0,120.0,840.0,7,128.1,5,6.56,0,0,0,0,0,0,0,0,0,0,0,0,0,1,0,0,0,1,0,0,0,0,0,0,0,0,0,1
12.0,40.0,48.0,1224.0,26,312.0,0,3.92,1,0,0,0,0,0,0,1,0,0,0,0,0,0,0,0,0,1,0,0,0,0,0,0,0,0,0,1
9.0,38.0,40.0,3100.0,81,729.0,400,4.25,0,0,0,0,0,1,0,0,0,0,0,1,0,0,0,0,0,0,0,0,0,0,1,0,0,0,0,1
400.0,1000.0,1800.0,122900.0,75,30000.0,12,4.1,0,0,0,0,0,0,0,0,0,0,1,0,0,0,0,0,0,1,0,0,0,0,0,0,0,0,0,0
12.0,100.0,112.0,12368.0,116,1392.0,76,8.89,0,0,0,0,0,0,0,1,0,0,0,0,0,0,0,0,0,0,0,0,0,0,0,0,0,0,1,0
9.0,45.0,55.0,2990.0,66,594.0,196,5.03,0,0,0,0,0,0,0,0,0,0,0,1,0,0,0,0,0,0,0,0,1,0,0,0,0,0,0,0
18.3,250.0,250.0,3250.0,13,237.9,43,13.66,0,0,0,0,0,0,0,0,0,0,0,0,0,1,0,0,0,0,0,1,0,0,0,0,0,0,1,0
18.3,180.0,180.0,180.0,1,18.3,102,9.84,0,0,0,0,1,0,0,0,0,0,0,0,0,1,0,0,0,0,0,0,0,0,0,0,0,0,0,1
9.0,50.0,50.0,50.0,1,9.0,62,5.56,1,0,0,0,0,0,0,0,0,0,0,1,0,0,0,0,0,0,0,0,1,0,0,0,0,1,0,0
18.3,130.0,200.0,330.0,2,36.6,156,9.02,0,0,0,0,0,0,0,0,0,0,0,0,0,1,0,0,0,0,0,1,0,0,0,0,0,0,1,0
12.5,90.0,90.0,12600.0,140,1750.0,0,7.2,0,0,0,0,0,0,0,0,0,0,0,0,0,0,0,1,1,0,0,0,0,0,0,0,0,0,0,0
400.0,2000.0,2000.0,42000.0,21,8400.0,1,5.0,0,0,0,0,0,0,0,0,0,0,1,0,0,0,0,0,0,1,0,0,0,0,0,0,0,0,0,0
18.3,170.0,170.0,510.0,3,54.9,43,9.29,0,0,0,0,0,0,0,0,0,0,0,0,0,1,0,0,1,0,0,0,0,0,0,0,0,0,0,1
18.3,100.0,140.0,31760.0,278,5087.4,746,6.24,0,0,0,0,0,0,0,0,0,0,0,0,0,1,0,0,0,1,0,0,0,0,0,0,0,0,0,0
18.3,100.0,170.0,83870.0,523,9570.9,663,8.76,0,0,0,0,0,0,0,0,0,0,0,0,0,1,0,0,0,0,0,0,0,0,0,0,0,0,1,0
9.0,60.0,70.0,1570.0,25,225.0,90,6.98,0,0,0,0,0,0,0,0,0,0,0,1,0,0,0,0,0,0,0,0,0,1,0,0,0,0,0,1
9.0,60.0,60.0,1320.0,22,198.0,31,6.67,0,0,0,0,0,0,0,0,0,0,0,1,0,0,0,0,0,0,0,0,0,1,0,0,0,0,0,1
12.0,40.0,120.0,1960.0,37,444.0,0,4.41,0,1,0,0,0,0,0,0,1,0,0,0,0,0,0,0,0,1,0,0,0,0,0,0,0,0,0,1
9.0,40.0,75.0,14740.0,210,1890.0,2,7.8,0,0,0,0,0,0,0,0,0,0,0,1,0,0,0,0,0,0,0,0,1,0,0,0,0,0,1,0
400.0,15.0,500.0,500.0,1,400.0,0,1.25,0,1,0,0,0,0,0,0,0,0,1,0,0,0,0,0,0,1,0,0,0,0,0,0,0,0,0,1
18.3,140.0,170.0,9080.0,64,1171.2,216,7.75,0,0,0,0,0,0,0,0,0,0,0,0,0,1,0,0,1,0,0,0,0,0,0,0,0,0,0,1
12.0,120.0,120.0,720.0,6,72.0,109,10.0,0,0,0,0,1,0,0,0,1,0,0,0,0,0,0,0,1,0,0,0,0,0,0,0,0,0,0,1
12.0,84.0,84.0,1008.0,12,144.0,0,7.0,0,0,0,0,0,1,0,0,1,0,0,0,0,0,0,0,0,1,0,0,0,0,0,0,0,0,0,1
11.0,70.0,85.0,46195.0,640,7040.0,138,6.56,0,0,0,0,0,0,0,0,0,0,0,0,1,0,0,0,0,0,0,0,0,1,0,0,0,0,1,0
12.0,90.0,128.0,35008.0,359,4308.0,643,8.13,0,0,0,0,0,0,0,1,0,0,0,0,0,0,0,0,0,1,0,0,0,0,0,0,0,0,0,0
9.0,40.0,55.0,2660.0,65,585.0,170,4.55,0,0,0,0,1,0,0,0,0,0,0,1,0,0,0,0,0,0,0,0,0,0,0,0,1,0,0,1
18.3,140.0,140.0,980.0,7,128.1,0,7.65,1,0,0,0,0,0,0,0,0,0,0,0,0,1,0,0,0,0,0,0,0,0,0,0,0,0,0,1
9.0,50.0,60.0,9725.0,190,1710.0,1758,5.69,0,0,0,0,0,0,0,0,0,0,0,1,0,0,0,0,0,0,0,0,0,0,1,0,0,0,0,1
18.3,220.0,220.0,2420.0,11,201.3,358,12.02,0,0,0,0,0,1,0,0,0,0,0,0,0,1,0,0,0,0,0,0,0,0,0,0,0,0,1,0
9.0,52.0,55.0,5608.0,106,954.0,542,5.88,0,0,0,0,1,0,0,0,0,0,0,1,0,0,0,0,0,0,0,0,1,0,0,0,0,1,0,0
18.3,104.0,104.0,1040.0,10,183.0,54,5.68,0,0,0,0,1,0,0,0,0,0,0,0,0,1,0,0,0,1,0,0,0,0,0,0,0,0,0,0
11.0,75.0,75.0,75.0,1,11.0,2,6.82,0,0,0,0,0,0,0,0,0,0,0,0,1,0,0,0,0,0,0,0,0,0,0,0,1,1,0,0
11.0,60.0,70.0,38750.0,640,7040.0,0,5.5,0,0,0,0,0,0,0,0,0,0,0,0,1,0,0,0,0,0,0,0,0,0,1,0,0,0,0,1
9.0,60.0,70.0,4790.0,78,702.0,12,6.82,0,0,0,0,0,0,0,0,0,0,0,1,0,0,0,0,0,0,0,0,1,0,0,0,0,0,1,0
12.0,64.0,64.0,64.0,1,12.0,59,5.33,1,0,0,0,0,0,0,1,0,0,0,0,0,0,0,0,0,1,0,0,0,0,0,0,0,0,0,1
9.0,40.0,60.0,4855.0,103,927.0,0,5.24,1,0,0,0,0,0,0,0,0,0,0,1,0,0,0,0,0,0,0,0,0,1,0,0,0,0,0,1
12.0,92.0,96.0,60416.0,640,7680.0,409,7.87,0,0,0,0,0,0,0,1,0,0,0,0,0,0,0,0,1,0,0,0,0,0,0,0,0,0,0,0
18.3,100.0,160.0,132150.0,1048,19178.4,851,6.89,0,0,0,0,0,0,0,0,0,0,0,0,0,1,0,0,0,1,0,0,0,0,0,0,0,0,0,1
9.0,50.0,50.0,100.0,2,18.0,76,5.56,0,0,0,0,0,0,0,0,0,0,0,1,0,0,0,0,0,0,0,0,0,0,1,0,0,0,0,1
18.3,160.0,170.0,64300.0,392,7173.6,0,8.96,0,0,0,0,0,0,0,0,0,0,0,0,0,1,0,0,1,0,0,0,0,0,0,0,0,0,0,0
12.0,80.0,88.0,8176.0,100,1200.0,194,6.81,0,0,0,0,0,0,0,1,0,0,0,0,0,0,0,0,1,0,0,0,0,0,0,0,0,0,0,1
18.3,140.0,140.0,420.0,3,54.9,46,7.65,0,0,0,0,0,1,0,0,0,0,0,0,0,1,0,0,0,0,0,0,0,0,0,0,0,0,0,1
12.0,70.0,96.0,23456.0,296,3552.0,254,6.6,0,0,0,0,0,0,0,1,0,0,0,0,0,0,0,0,1,0,0,0,0,0,0,0,0,0,0,1
9.0,50.0,65.0,4260.0,71,639.0,664,6.67,0,0,0,0,0,0,0,0,0,0,0,1,0,0,0,0,0,0,0,0,0,1,0,0,0,0,0,1
12.0,84.0,96.0,3936.0,43,516.0,247,7.63,0,0,0,0,0,0,0,0,1,0,0,0,0,0,0,0,0,1,0,0,0,0,0,0,0,0,0,1
14.0,114.0,114.0,25536.0,224,3136.0,0,8.14,0,0,0,0,0,0,0,0,0,1,0,0,0,0,0,0,0,1,0,0,0,0,0,0,0,0,0,1
18.3,120.0,120.0,20160.0,168,3074.4,22,6.56,0,0,0,0,1,0,0,0,0,0,0,0,0,1,0,0,0,1,0,0,0,0,0,0,0,0,0,0
400.0,1650.0,1650.0,1650.0,1,400.0,0,4.12,0,0,0,0,1,0,0,0,0,0,1,0,0,0,0,0,1,0,0,0,0,0,0,0,0,0,0,1
400.0,500.0,500.0,500.0,1,400.0,4,1.25,0,0,0,0,0,0,0,0,0,0,1,0,0,0,0,0,0,1,0,0,0,0,0,0,0,0,0,0
9.0,40.0,50.0,9465.0,226,2034.0,616,4.65,0,0,0,0,1,0,0,0,0,0,0,1,0,0,0,0,0,0,0,0,0,1,0,0,0,0,0,0
18.3,80.0,160.0,30180.0,238,4355.4,746,6.93,0,0,0,0,0,0,0,0,0,0,0,0,0,1,0,0,0,1,0,0,0,0,0,0,0,0,0,0
12.0,112.0,120.0,2928.0,26,312.0,0,9.38,0,0,0,0,1,0,0,0,1,0,0,0,0,0,0,0,0,1,0,0,0,0,0,0,0,0,0,1
9.0,70.0,70.0,6300.0,90,810.0,0,7.78,0,0,0,0,0,0,0,0,0,0,0,1,0,0,0,0,0,0,0,0,1,0,0,0,0,0,0,1
18.3,130.0,170.0,211170.0,1532,28035.6,1863,7.53,0,0,0,0,0,0,0,0,0,0,0,0,0,1,0,0,0,1,0,0,0,0,0,0,0,0,1,0
12.0,50.0,50.0,1850.0,37,444.0,0,4.17,1,0,0,0,0,0,0,1,0,0,0,0,0,0,0,0,0,1,0,0,0,0,0,0,0,0,0,1
11.0,50.0,65.0,27610.0,545,5995.0,411,4.61,0,0,0,0,0,0,0,0,0,0,0,0,1,0,0,0,0,0,0,0,0,0,1,0,0,0,0,1
11.0,40.0,45.0,175.0,4,44.0,2,3.98,0,0,0,0,0,0,0,0,0,0,0,0,1,0,0,0,0,0,0,0,0,0,1,0,0,0,0,0
12.0,96.0,120.0,10856.0,106,1272.0,569,8.53,0,0,0,0,1,0,0,1,0,0,0,0,0,0,0,0,1,0,0,0,0,0,0,0,0,1,0,0
12.0,112.0,120.0,472.0,4,48.0,114,9.83,0,0,0,0,1,0,0,0,1,0,0,0,0,0,0,0,1,0,0,0,0,0,0,0,0,0,0,1
18.3,200.0,220.0,4160.0,19,347.7,0,11.96,0,0,0,0,0,0,0,0,0,0,0,0,0,1,0,0,0,0,0,1,0,0,0,0,0,0,0,1
9.0,40.0,60.0,2260.0,54,486.0,0,4.65,1,0,0,0,0,0,0,0,0,0,0,1,0,0,0,0,0,0,0,0,0,1,0,0,0,0,0,1
12.0,60.0,72.0,21312.0,304,3648.0,0,5.84,0,0,0,1,0,0,0,1,0,0,0,0,0,0,0,0,0,1,0,0,0,0,0,0,0,0,0,1
18.3,170.0,200.0,70555.0,390,7137.0,2035,9.89,0,0,0,0,0,0,0,0,0,0,0,0,0,1,0,0,1,0,0,0,0,0,0,0,0,0,1,0
12.0,80.0,80.0,4400.0,55,660.0,9,6.67,0,0,0,0,1,0,0,0,1,0,0,0,0,0,0,0,0,1,0,0,0,0,0,0,0,0,0,1
9.0,40.0,40.0,24000.0,600,5400.0,0,4.44,0,0,0,0,0,1,0,0,0,0,0,1,0,0,0,0,0,0,0,0,0,0,1,0,0,0,0,1
18.3,170.0,180.0,350.0,2,36.6,49,9.56,0,0,0,0,1,0,0,0,0,0,0,0,0,1,0,0,0,0,0,0,0,0,0,0,0,1,0,0
11.0,40.0,40.0,320.0,8,88.0,13,3.64,0,0,0,0,0,0,0,0,0,0,0,0,1,0,0,0,0,0,0,0,0,0,1,0,0,0,1,0
9.0,50.0,50.0,300.0,6,54.0,1,5.56,0,0,1,0,0,0,0,0,0,0,0,1,0,0,0,0,0,0,0,0,0,1,0,0,0,0,0,0
12.0,108.0,120.0,19788.0,181,2172.0,223,9.11,0,0,0,0,0,0,0,1,0,0,0,0,0,0,0,0,1,0,0,0,0,0,0,0,0,0,0,1
12.0,72.0,120.0,36516.0,421,5052.0,2431,7.23,0,0,0,0,0,0,0,1,0,0,0,0,0,0,0,0,0,1,0,0,0,0,0,0,0,0,0,0
9.0,50.0,65.0,4470.0,75,675.0,664,6.62,0,0,0,0,0,0,0,0,0,0,0,1,0,0,0,0,0,0,0,0,0,1,0,0,0,0,0,1
18.3,160.0,180.0,11015.0,65,1189.5,2,9.26,0,0,0,0,1,0,0,0,0,0,0,0,0,1,0,0,0,0,0,1,0,0,0,0,0,0,0,1
9.0,20.0,20.0,20.0,1,9.0,1,2.22,0,1,0,0,0,0,0,0,0,0,0,1,0,0,0,0,0,0,0,0,0,0,1,0,0,0,0,1
12.0,120.0,120.0,720.0,6,72.0,103,10.0,0,0,0,0,1,0,0,0,1,0,0,0,0,0,0,0,1,0,0,0,0,0,0,0,0,0,0,1
18.3,280.0,280.0,1680.0,6,109.8,36,15.3,0,0,0,0,0,0,0,0,0,0,0,0,0,1,0,0,0,0,0,1,0,0,0,0,0,0,1,0
18.3,50.0,130.0,33000.0,282,5160.6,2941,6.39,0,0,0,0,0,0,0,0,0,0,0,0,0,1,0,0,0,1,0,0,0,0,0,0,0,1,0,0
9.0,50.0,60.0,570.0,11,99.0,74,5.76,0,0,0,0,0,0,0,0,0,0,0,1,0,0,0,0,0,0,0,0,0,0,1,0,0,0,0,1
400.0,300.0,300.0,1500.0,5,2000.0,0,0.75,0,0,0,0,0,0,0,0,0,0,1,0,0,0,0,0,0,1,0,0,0,0,0,0,0,0,1,0
12.0,90.0,126.0,11832.0,104,1248.0,274,9.48,0,0,0,0,0,0,0,1,0,0,0,0,0,0,0,0,0,0,0,0,0,0,0,0,0,0,1,0
12.0,40.0,40.0,440.0,11,132.0,28,3.33,1,0,0,0,0,0,0,1,0,0,0,0,0,0,0,0,1,0,0,0,0,0,0,0,0,0,0,1
9.0,50.0,60.0,1360.0,25,225.0,278,6.04,0,0,0,0,0,0,0,0,0,0,0,1,0,0,0,0,0,0,0,0,0,1,0,0,0,0,0,0
9.0,60.0,60.0,1200.0,20,180.0,156,6.67,0,0,0,0,0,0,0,0,0,0,0,1,0,0,0,0,0,0,0,0,0,1,0,0,0,0,1,0
9.0,60.0,70.0,1540.0,24,216.0,243,7.13,0,0,0,0,0,0,0,0,0,0,0,1,0,0,0,0,0,0,0,0,1,0,0,0,0,0,0,1
9.0,40.0,50.0,1850.0,45,405.0,57,4.57,0,1,0,0,0,0,0,0,0,0,0,1,0,0,0,0,0,0,0,0,0,0,1,0,0,0,0,1
9.0,60.0,60.0,5280.0,88,792.0,1515,6.67,0,0,0,0,0,0,0,0,0,0,0,1,0,0,0,0,0,0,0,0,0,1,0,0,0,0,1,0
9.0,55.0,70.0,6465.0,93,837.0,247,7.72,0,0,0,0,1,0,0,0,0,0,0,1,0,0,0,0,0,0,0,0,0,0,1,0,0,0,0,1
9.0,30.0,60.0,7925.0,166,1494.0,153,5.3,0,0,0,0,0,0,0,0,0,0,0,1,0,0,0,0,0,0,0,0,0,0,1,0,0,1,0,0
3.0,5.0,10.0,25.0,3,9.0,1,2.78,0,1,0,0,0,0,0,0,0,0,0,0,0,0,0,0,0,0,0,0,0,0,1,0,0,0,0,1
9.0,40.0,55.0,4460.0,89,801.0,0,5.57,0,0,0,0,0,0,0,0,0,0,0,1,0,0,0,0,0,0,0,0,1,0,0,0,0,0,0,1
9.0,40.0,50.0,3650.0,90,810.0,0,4.51,0,0,0,0,1,0,0,0,0,0,0,1,0,0,0,0,0,0,0,0,1,0,0,0,0,0,0,0
12.0,80.0,96.0,33252.0,378,4536.0,879,7.33,0,0,0,0,0,0,0,1,0,0,0,0,0,0,0,0,0,1,0,0,0,0,0,0,0,1,0,0
9.0,40.0,55.0,12835.0,316,2844.0,540,4.51,0,0,0,0,1,0,0,0,0,0,0,1,0,0,0,0,0,0,0,0,0,0,1,0,0,0,0,0
9.0,10.0,30.0,640.0,33,297.0,1,2.15,0,1,0,0,0,0,0,0,0,0,0,1,0,0,0,0,0,0,0,0,0,0,1,0,0,0,0,1
12.0,80.0,104.0,5896.0,66,792.0,1089,7.44,0,0,0,0,0,0,0,1,0,0,0,0,0,0,0,0,1,0,0,0,0,0,0,0,0,0,0,0
18.3,130.0,130.0,5200.0,40,732.0,584,7.1,0,0,0,0,1,0,0,0,0,0,0,0,0,1,0,0,1,0,0,0,0,0,0,0,0,0,0,0
3.0,18.0,18.0,7200.0,400,1200.0,200,6.0,0,0,0,0,1,0,0,0,0,0,0,0,0,0,0,0,0,1,0,0,0,0,0,0,0,0,0,0
18.3,160.0,180.0,41600.0,252,4611.6,0,9.02,0,0,0,0,1,0,0,0,0,0,0,0,0,1,0,0,0,0,0,0,0,0,0,0,0,0,0,1
9.0,20.0,20.0,80.0,4,36.0,46,2.22,0,0,0,0,1,0,0,0,0,0,0,1,0,0,0,0,0,0,0,0,0,1,0,0,0,0,0,1
9.0,10.0,10.0,10.0,1,9.0,0,1.11,0,1,0,0,0,0,0,0,0,0,0,1,0,0,0,0,0,0,0,0,0,0,1,0,0,0,0,0
12.0,64.0,72.0,5136.0,80,960.0,0,5.35,1,0,0,0,0,0,0,1,0,0,0,0,0,0,0,0,0,1,0,0,0,0,0,0,0,0,1,0
12.0,40.0,40.0,1000.0,25,300.0,0,3.33,0,1,0,0,0,0,0,0,1,0,0,0,0,0,0,0,0,1,0,0,0,0,0,0,0,0,0,1
18.3,160.0,160.0,640.0,4,73.2,2288,8.74,0,0,0,0,1,0,0,0,0,0,0,0,0,1,0,0,0,0,0,1,0,0,0,0,0,0,0,0
18.3,100.0,140.0,7110.0,64,1171.2,1550,6.07,0,0,0,0,0,0,0,0,0,0,0,0,0,1,0,0,1,0,0,0,0,0,0,0,0,0,0,0
9.0,60.0,60.0,60.0,1,9.0,8,6.67,1,0,0,0,0,0,0,0,0,0,0,1,0,0,0,0,0,0,0,0,0,0,1,0,0,0,0,0
3.0,5.0,5.0,500.0,100,300.0,0,1.67,0,1,0,0,0,0,0,0,0,0,0,0,0,0,0,0,0,1,0,0,0,0,0,0,0,0,0,1
18.3,140.0,160.0,6520.0,44,805.2,1384,8.1,0,0,0,0,0,0,0,0,0,0,0,0,0,1,0,0,0,0,0,1,0,0,0,0,0,0,0,0
18.3,180.0,200.0,12620.0,68,1244.4,275,10.14,0,0,0,0,1,0,0,0,0,0,0,0,0,1,0,0,0,0,0,0,0,0,0,0,0,0,0,0
18.3,80.0,120.0,1360.0,16,292.8,114,4.64,0,0,0,0,0,0,0,0,0,0,0,0,0,1,0,0,0,0,0,0,0,0,0,0,0,0,0,0
12.0,90.0,96.0,4212.0,44,528.0,0,7.98,0,0,0,1,0,0,0,1,0,0,0,0,0,0,0,0,0,1,0,0,0,0,0,0,0,0,0,1
18.3,120.0,160.0,28040.0,223,4080.9,28,6.87,0,0,0,0,0,0,0,0,0,0,0,0,0,1,0,0,0,1,0,0,0,0,0,0,0,0,1,0
12.0,88.0,96.0,20688.0,217,2604.0,206,7.94,0,0,0,0,0,0,0,1,0,0,0,0,0,0,0,0,1,0,0,0,0,0,0,0,0,0,0,1
14.0,114.0,114.0,25536.0,224,3136.0,0,8.14,0,0,0,0,0,0,0,0,0,1,0,0,0,0,0,0,0,1,0,0,0,0,0,0,0,0,0,1
12.0,64.0,80.0,5664.0,71,852.0,89,6.65,1,0,0,0,0,0,0,1,0,0,0,0,0,0,0,0,0,1,0,0,0,0,0,0,0,0,0,1
18.3,180.0,180.0,1620.0,9,164.7,14,9.84,0,0,0,0,1,0,0,0,0,0,0,0,0,1,0,0,0,0,0,0,0,0,0,0,0,0,0,1
9.0,60.0,65.0,5145.0,83,747.0,852,6.89,1,0,0,0,0,0,0,0,0,0,0,1,0,0,0,0,0,0,0,0,0,1,0,0,0,0,0,0
12.0,84.0,102.0,5580.0,66,792.0,41,7.05,0,0,0,0,1,0,0,0,1,0,0,0,0,0,0,0,0,1,0,0,0,0,0,0,0,0,0,0
18.3,70.0,180.0,44090.0,273,4995.9,159,8.83,0,0,0,0,0,0,0,0,0,0,0,0,0,1,0,0,1,0,0,0,0,0,0,0,0,0,0,1
12.0,72.0,96.0,10464.0,116,1392.0,619,7.52,1,0,0,0,0,0,0,1,0,0,0,0,0,0,0,0,1,0,0,0,0,0,0,0,0,1,0,0
12.0,104.0,104.0,312.0,3,36.0,59,8.67,0,0,0,0,0,1,0,1,0,0,0,0,0,0,0,0,0,1,0,0,0,0,0,0,0,0,0,1
12.0,90.0,128.0,157940.0,1616,19392.0,1087,8.14,0,0,0,0,0,0,0,1,0,0,0,0,0,0,0,0,0,1,0,0,0,0,0,0,0,0,0,0
18.3,80.0,180.0,28960.0,164,3001.2,179,9.65,0,0,0,0,0,0,0,0,0,0,0,0,0,1,0,0,1,0,0,0,0,0,0,0,0,0,0,1
18.3,100.0,150.0,7990.0,55,1006.5,1052,7.94,0,0,0,0,0,0,0,0,0,0,0,0,0,1,0,0,1,0,0,0,0,0,0,0,0,0,0,0
9.0,45.0,55.0,5419.0,101,909.0,503,5.96,0,0,0,0,1,0,0,0,0,0,0,1,0,0,0,0,0,0,0,0,1,0,0,0,0,1,0,0
9.0,55.0,60.0,6665.0,121,1089.0,360,6.12,0,0,0,0,1,0,0,0,0,0,0,1,0,0,0,0,0,0,0,0,1,0,0,0,0,0,0,1
12.0,120.0,128.0,1568.0,13,156.0,339,10.05,0,0,0,0,1,0,0,1,0,0,0,0,0,0,0,0,0,1,0,0,0,0,0,0,0,0,0,1
18.3,110.0,180.0,80980.0,558,10211.4,4040,7.93,0,0,0,0,0,0,0,0,0,0,0,0,0,1,0,0,0,1,0,0,0,0,0,0,0,0,1,0
400.0,1000.0,2000.0,91500.0,49,19600.0,281,4.67,0,0,0,0,0,0,0,0,0,0,1,0,0,0,0,0,0,1,0,0,0,0,0,0,0,1,0,0
400.0,2000.0,2000.0,2000.0,1,400.0,11,5.0,0,0,0,0,1,0,0,0,0,0,1,0,0,0,0,0,0,1,0,0,0,0,0,0,0,0,0,1
400.0,500.0,700.0,5400.0,8,3200.0,0,1.69,0,1,0,0,0,0,0,0,0,0,1,0,0,0,0,0,0,1,0,0,0,0,0,0,0,0,1,0
9.0,10.0,10.0,70.0,7,63.0,4,1.11,0,1,0,0,0,0,0,0,0,0,0,1,0,0,0,0,0,0,0,0,0,0,1,0,0,0,1,0
12.0,112.0,120.0,8928.0,78,936.0,250,9.54,0,0,0,0,1,0,0,1,0,0,0,0,0,0,0,0,0,1,0,0,0,0,0,0,0,0,0,1
9.0,40.0,50.0,18330.0,458,4122.0,277,4.45,0,0,0,0,0,0,0,0,0,0,0,1,0,0,0,0,0,0,0,0,0,0,1,0,0,1,0,0
12.0,120.0,200.0,30720.0,256,3072.0,217,10.0,0,0,0,0,0,0,0,1,0,0,0,0,0,0,0,0,1,0,0,0,0,0,0,0,0,0,1,0
18.3,180.0,190.0,4420.0,24,439.2,191,10.06,0,0,0,0,0,0,0,0,0,0,0,0,0,1,0,0,0,0,0,1,0,0,0,0,0,0,0,0
9.0,20.0,60.0,2495.0,75,675.0,0,3.7,1,0,0,0,0,0,0,0,0,0,0,1,0,0,0,0,0,0,0,0,1,0,0,0,0,0,0,1
11.0,50.0,50.0,1300.0,26,286.0,156,4.55,0,0,0,0,0,0,0,0,0,0,0,0,1,0,0,0,0,0,0,0,0,1,0,0,0,0,1,0
18.3,110.0,180.0,37430.0,295,5398.5,793,6.93,0,0,0,0,0,0,0,0,0,0,0,0,0,1,0,0,0,1,0,0,0,0,0,0,0,0,0,1
18.3,160.0,180.0,29840.0,182,3330.6,0,8.96,0,0,0,0,1,0,0,0,0,0,0,0,0,1,0,0,0,0,0,0,0,0,0,0,0,0,0,1
12.0,60.0,60.0,60.0,1,12.0,39,5.0,1,0,0,0,0,0,0,1,0,0,0,0,0,0,0,0,1,0,0,0,0,0,0,0,0,0,0,1
12.0,80.0,96.0,74900.0,850,10200.0,794,7.34,0,0,0,0,0,0,0,1,0,0,0,0,0,0,0,0,0,1,0,0,0,0,0,0,0,1,0,0
12.0,80.0,120.0,38664.0,440,5280.0,175,7.32,0,0,0,0,0,0,0,1,0,0,0,0,0,0,0,0,1,0,0,0,0,0,0,0,0,0,0,1
12.0,50.0,140.0,3840.0,33,396.0,1117,9.7,0,0,0,0,0,0,0,1,0,0,0,0,0,0,0,0,0,1,0,0,0,0,0,0,0,0,1,0
12.0,120.0,120.0,1920.0,16,192.0,176,10.0,0,0,0,0,1,0,0,1,0,0,0,0,0,0,0,0,1,0,0,0,0,0,0,0,0,0,0,1
12.0,96.0,96.0,2880.0,30,360.0,37,8.0,0,0,0,0,0,0,0,1,0,0,0,0,0,0,0,0,1,0,0,0,0,0,0,0,0,0,0,0
9.0,45.0,60.0,1740.0,37,333.0,46,5.23,1,0,0,0,0,0,0,0,0,0,0,1,0,0,0,0,0,0,0,0,0,1,0,0,0,1,0,0
9.0,50.0,50.0,450.0,9,81.0,179,5.56,0,0,0,0,0,1,0,0,0,0,0,1,0,0,0,0,0,0,0,0,0,0,1,0,0,0,0,1
18.3,160.0,170.0,970.0,6,109.8,767,8.83,0,0,0,0,0,0,0,0,0,0,0,0,0,1,0,0,0,0,0,0,0,0,0,0,0,0,0,0
12.0,80.0,84.0,69440.0,838,10056.0,204,6.91,0,0,0,0,0,0,0,1,0,0,0,0,0,0,0,0,1,0,0,0,0,0,0,0,0,0,1,0
12.0,84.0,96.0,47360.0,558,6696.0,482,7.07,0,0,0,0,0,0,0,1,0,0,0,0,0,0,0,0,1,0,0,0,0,0,0,0,0,0,0,1
9.0,40.0,65.0,20380.0,414,3726.0,51,5.47,0,0,0,0,0,0,0,0,0,0,0,1,0,0,0,0,0,0,0,0,1,0,0,0,0,0,0,1
3.0,18.0,18.0,3600.0,200,600.0,700,6.0,0,0,0,0,0,0,0,0,0,0,0,0,0,0,0,0,0,1,0,0,0,0,0,0,0,0,0,1
9.0,36.0,36.0,3600.0,100,900.0,0,4.0,0,0,0,0,0,1,0,0,0,0,0,1,0,0,0,0,0,0,0,0,0,0,1,0,0,0,0,1
12.0,72.0,72.0,288.0,4,48.0,11,6.0,1,0,0,0,0,0,0,1,0,0,0,0,0,0,0,0,1,0,0,0,0,0,0,0,0,0,0,1
400.0,15.0,1200.0,1700.0,2,800.0,0,2.12,0,1,0,0,0,0,0,0,0,0,1,0,0,0,0,0,0,1,0,0,0,0,0,0,0,0,0,1
12.0,144.0,144.0,37872.0,263,3156.0,0,12.0,0,0,0,0,1,0,0,1,0,0,0,0,0,0,0,0,1,0,0,0,0,0,0,0,0,0,1,0
400.0,2200.0,2200.0,127600.0,58,23200.0,11,5.5,0,0,0,0,0,0,0,0,0,0,1,0,0,0,0,0,0,1,0,0,0,0,0,0,0,0,1,0
12.0,80.0,80.0,5120.0,64,768.0,486,6.67,0,0,0,0,0,1,0,1,0,0,0,0,0,0,0,0,1,0,0,0,0,0,0,0,0,0,0,0
18.3,180.0,200.0,61320.0,336,6148.8,103,9.97,0,0,0,0,0,0,0,0,0,0,0,0,0,1,0,0,1,0,0,0,0,0,0,0,0,0,1,0
18.3,144.0,144.0,18432.0,128,2342.4,0,7.87,0,0,0,0,1,0,0,0,0,0,0,0,0,1,0,0,1,0,0,0,0,0,0,0,0,0,1,0
9.0,50.0,60.0,3015.0,56,504.0,54,5.98,1,0,0,0,0,0,0,0,0,0,0,1,0,0,0,0,0,0,0,0,0,1,0,0,0,0,0,1
12.0,60.0,72.0,3744.0,62,744.0,62,5.03,1,0,0,0,0,0,0,1,0,0,0,0,0,0,0,0,1,0,0,0,0,0,0,0,0,0,0,0
12.0,140.0,140.0,140.0,1,12.0,190,11.67,0,0,0,0,0,1,0,1,0,0,0,0,0,0,0,0,0,1,0,0,0,0,0,0,0,1,0,0
9.0,55.0,65.0,6790.0,106,954.0,253,7.12,0,0,0,0,0,0,0,0,0,0,0,1,0,0,0,0,0,0,0,0,0,0,1,0,0,0,0,1
12.0,60.0,72.0,7728.0,127,1524.0,2,5.07,0,0,0,0,0,0,0,0,1,0,0,0,0,0,0,0,0,1,0,0,0,0,0,0,0,0,0,1
12.0,60.0,112.0,20410.0,221,2652.0,2367,7.7,0,0,0,0,0,0,0,1,0,0,0,0,0,0,0,0,0,1,0,0,0,0,0,0,0,1,0,0
12.0,115.0,120.0,32680.0,283,3396.0,330,9.62,0,0,0,0,0,0,0,1,0,0,0,0,0,0,0,0,1,0,0,0,0,0,0,0,0,0,1,0
400.0,1500.0,2000.0,360600.0,182,72800.0,3,4.95,0,0,0,0,0,0,0,0,0,0,1,0,0,0,0,0,0,1,0,0,0,0,0,0,0,0,0,1
9.0,25.0,60.0,820.0,25,225.0,0,3.64,1,0,0,0,0,0,0,0,0,0,0,1,0,0,0,0,0,0,0,0,1,0,0,0,0,0,0,1
18.3,150.0,170.0,6560.0,43,786.9,787,8.34,0,0,0,0,0,0,0,0,0,0,0,0,0,1,0,0,1,0,0,0,0,0,0,0,0,0,1,0
18.3,120.0,130.0,1330.0,11,201.3,0,6.61,1,0,0,0,0,0,0,0,0,0,0,0,0,1,0,0,0,0,0,1,0,0,0,0,0,0,0,1
12.0,108.0,120.0,888.0,8,96.0,25,9.25,0,0,0,0,1,0,0,0,1,0,0,0,0,0,0,0,0,1,0,0,0,0,0,0,0,0,0,1
12.0,112.0,112.0,2016.0,18,216.0,487,9.33,0,0,0,0,0,0,0,1,0,0,0,0,0,0,0,0,1,0,0,0,0,0,0,0,0,0,0,0
9.0,40.0,55.0,14125.0,283,2547.0,1695,5.55,0,0,0,0,0,0,0,0,0,0,0,1,0,0,0,0,0,0,0,0,0,0,1,0,0,0,0,0
9.0,35.0,40.0,710.0,20,180.0,0,3.94,0,0,0,0,0,1,0,0,0,0,0,1,0,0,0,0,0,0,0,0,0,1,0,0,0,0,0,1
18.3,120.0,180.0,22330.0,155,2836.5,370,7.87,0,0,0,0,0,0,0,0,0,0,0,0,0,1,0,0,0,0,0,0,0,0,0,0,0,0,0,1
18.3,170.0,180.0,1240.0,7,128.1,35,9.68,0,0,0,0,1,0,0,0,0,0,0,0,0,1,0,0,0,0,0,0,0,0,0,0,0,0,0,1
9.0,60.0,60.0,120.0,2,18.0,617,6.67,0,0,0,0,0,0,0,0,0,0,0,1,0,0,0,0,0,0,0,0,1,0,0,0,0,1,0,0
400.0,2000.0,2000.0,66000.0,33,13200.0,0,5.0,0,0,0,0,0,0,0,0,0,0,1,0,0,0,0,0,0,1,0,0,0,0,0,0,0,0,0,1
400.0,2100.0,2100.0,100800.0,48,19200.0,0,5.25,0,0,0,0,0,0,0,0,0,0,1,0,0,0,0,0,0,1,0,0,0,0,0,0,0,0,0,1
9.0,65.0,80.0,11490.0,170,1530.0,190,7.51,1,0,0,0,0,0,0,0,0,0,0,1,0,0,0,0,0,0,0,0,0,1,0,0,0,0,1,0
12.0,110.0,180.0,58614.0,447,5364.0,2346,10.93,0,0,0,0,0,0,0,1,0,0,0,0,0,0,0,0,1,0,0,0,0,0,0,0,0,0,1,0
400.0,500.0,500.0,1000.0,2,800.0,0,1.25,0,1,0,0,0,0,0,0,0,0,1,0,0,0,0,0,0,1,0,0,0,0,0,0,0,0,0,1
18.3,140.0,140.0,560.0,4,73.2,45,7.65,0,0,0,0,0,1,0,0,0,0,0,0,0,1,0,0,0,0,0,0,0,0,0,0,0,0,0,1
12.0,128.0,128.0,8320.0,65,780.0,153,10.67,0,0,0,0,0,0,0,1,0,0,0,0,0,0,0,0,1,0,0,0,0,0,0,0,0,0,1,0
18.3,90.0,140.0,54050.0,473,8655.9,258,6.24,0,0,0,0,0,0,0,0,0,0,0,0,0,1,0,0,1,0,0,0,0,0,0,0,0,0,0,0
18.3,120.0,140.0,2280.0,18,329.4,317,6.92,0,0,0,0,0,0,0,0,0,0,0,0,0,1,0,0,0,0,0,1,0,0,0,0,0,0,0,0
9.0,55.0,55.0,330.0,6,54.0,79,6.11,1,0,0,0,0,0,0,0,0,0,0,1,0,0,0,0,0,0,0,0,1,0,0,0,0,0,0,1
9.0,10.0,10.0,60.0,6,54.0,2,1.11,0,1,0,0,0,0,0,0,0,0,0,1,0,0,0,0,0,0,0,0,0,0,1,0,0,0,0,0
18.3,180.0,190.0,8960.0,48,878.4,172,10.2,0,0,0,0,1,0,0,0,0,0,0,0,0,1,0,0,0,0,0,1,0,0,0,0,0,0,0,1
9.0,36.0,36.0,7200.0,200,1800.0,100,4.0,0,0,0,0,0,1,0,0,0,0,0,1,0,0,0,0,0,0,0,0,0,0,1,0,0,0,0,1
9.0,10.0,10.0,10.0,1,9.0,0,1.11,0,1,0,0,0,0,0,0,0,0,0,1,0,0,0,0,0,0,0,0,0,0,1,0,0,0,0,0
18.3,150.0,180.0,22190.0,133,2433.9,274,9.12,0,0,0,0,0,0,0,0,0,0,0,0,0,1,0,0,0,0,0,1,0,0,0,0,0,0,1,0
9.0,50.0,70.0,1520.0,27,243.0,405,6.26,0,0,0,0,0,0,0,0,0,0,0,1,0,0,0,0,0,0,0,0,0,1,0,0,0,1,0,0
9.0,50.0,60.0,310.0,6,54.0,33,5.74,0,0,0,0,0,0,0,0,0,0,0,1,0,0,0,0,0,0,0,0,0,0,1,0,0,0,0,1
18.3,100.0,150.0,34290.0,283,5178.9,1335,6.62,0,0,0,0,0,0,0,0,0,0,0,0,0,1,0,0,0,1,0,0,0,0,0,0,0,0,0,1
9.0,50.0,60.0,1510.0,27,243.0,262,6.21,0,0,0,0,0,0,0,0,0,0,0,1,0,0,0,0,0,0,0,0,1,0,0,0,0,0,0,0
9.0,60.0,60.0,840.0,14,126.0,9,6.67,0,0,0,0,0,0,0,0,0,0,0,1,0,0,0,0,0,0,0,0,0,1,0,0,0,0,0,1
12.0,120.0,120.0,240.0,2,24.0,203,10.0,0,0,0,0,0,0,0,1,0,0,0,0,0,0,0,0,1,0,0,0,0,0,0,0,0,0,0,1
9.0,55.0,55.0,2750.0,50,450.0,310,6.11,0,0,0,0,1,0,0,0,0,0,0,1,0,0,0,0,0,0,0,0,0,0,1,0,0,0,0,1
9.0,50.0,50.0,2150.0,43,387.0,0,5.56,0,0,0,0,1,0,0,0,0,0,0,1,0,0,0,0,0,0,0,0,1,0,0,0,0,0,0,1
18.3,100.0,180.0,201540.0,1241,22710.3,466,8.87,0,0,0,0,0,0,0,0,0,0,0,0,0,1,0,0,0,0,0,0,0,0,0,0,0,0,0,0
9.0,50.0,65.0,27475.0,482,4338.0,844,6.33,0,0,0,0,0,0,0,0,0,0,0,1,0,0,0,0,0,0,0,0,0,1,0,0,0,0,0,0
12.0,72.0,72.0,59904.0,832,9984.0,0,6.0,0,0,0,0,0,0,0,1,0,0,0,0,0,0,0,0,0,0,0,0,0,0,1,0,0,0,1,0
18.3,120.0,120.0,240.0,2,36.6,409,6.56,0,0,0,0,0,0,0,0,0,0,0,0,0,1,0,0,1,0,0,0,0,0,0,0,0,0,0,1
9.0,60.0,60.0,25860.0,431,3879.0,19,6.67,0,0,0,0,1,0,0,0,0,0,0,1,0,0,0,0,0,0,0,0,0,0,1,0,0,0,0,0
9.0,25.0,60.0,510.0,19,171.0,0,2.98,1,0,0,0,0,0,0,0,0,0,0,1,0,0,0,0,0,0,0,0,1,0,0,0,0,0,0,1
12.0,70.0,120.0,123926.0,1397,16764.0,3229,7.39,0,0,0,0,0,0,0,1,0,0,0,0,0,0,0,0,0,1,0,0,0,0,0,0,0,1,0,0
12.0,84.0,84.0,26880.0,320,3840.0,0,7.0,0,0,0,0,0,0,0,0,1,0,0,0,0,0,0,0,0,1,0,0,0,0,0,0,0,0,0,0
12.0,128.0,128.0,2560.0,20,240.0,22,10.67,0,0,0,0,1,0,0,1,0,0,0,0,0,0,0,0,0,1,0,0,0,0,0,0,0,0,0,0
18.3,160.0,180.0,41375.0,242,4428.6,3,9.34,0,0,0,0,1,0,0,0,0,0,0,0,0,1,0,0,0,0,0,1,0,0,0,0,0,0,0,1
9.0,50.0,80.0,6700.0,94,846.0,222,7.92,0,0,0,0,1,0,0,0,0,0,0,1,0,0,0,0,0,0,0,0,0,1,0,0,0,0,0,1
18.3,65.0,170.0,58140.0,433,7923.9,896,7.34,0,0,0,0,0,0,0,0,0,0,0,0,0,1,0,0,0,1,0,0,0,0,0,0,0,0,0,0
18.3,11.0,170.0,76451.0,461,8436.3,525,9.06,0,0,0,0,0,0,0,0,0,0,0,0,0,1,0,0,0,0,0,0,0,0,0,0,0,0,0,1
12.0,96.0,120.0,14536.0,148,1776.0,487,8.18,0,0,0,0,0,0,0,1,0,0,0,0,0,0,0,0,1,0,0,0,0,0,0,0,0,0,0,0
18.3,80.0,170.0,6000.0,59,1079.7,28,5.56,0,0,0,0,0,0,0,0,0,0,0,0,0,1,0,0,0,0,0,1,0,0,0,0,0,0,1,0
18.3,110.0,160.0,242180.0,1858,34001.4,2959,7.12,0,0,0,0,0,0,0,0,0,0,0,0,0,1,0,0,0,1,0,0,0,0,0,0,0,0,0,1
18.3,120.0,160.0,32390.0,248,4538.4,1087,7.14,0,0,0,0,0,0,0,0,0,0,0,0,0,1,0,0,0,1,0,0,0,0,0,0,0,0,0,1
9.0,40.0,45.0,1325.0,33,297.0,0,4.46,1,0,0,0,0,0,0,0,0,0,0,1,0,0,0,0,0,0,0,0,0,0,1,0,0,0,0,0
12.0,60.0,120.0,71076.0,826,9912.0,2614,7.17,0,0,0,0,0,0,0,1,0,0,0,0,0,0,0,0,0,1,0,0,0,0,0,0,0,0,0,1
18.3,150.0,170.0,87700.0,572,10467.6,107,8.38,0,0,0,0,1,0,0,0,0,0,0,0,0,1,0,0,0,0,0,0,0,0,0,0,0,0,0,0
18.3,90.0,150.0,15490.0,165,3019.5,1126,5.13,0,0,0,0,0,0,0,0,0,0,0,0,0,1,0,0,1,0,0,0,0,0,0,0,0,0,0,0
12.0,40.0,40.0,2160.0,54,648.0,0,3.33,0,1,0,0,0,0,0,1,0,0,0,0,0,0,0,0,1,0,0,0,0,0,0,0,0,0,0,1
12.0,128.0,136.0,16624.0,128,1536.0,0,10.82,0,0,0,0,1,0,0,1,0,0,0,0,0,0,0,0,1,0,0,0,0,0,0,0,0,0,0,1
400.0,1800.0,1800.0,111600.0,62,24800.0,10,4.5,0,1,0,0,0,0,0,0,0,0,1,0,0,0,0,0,0,1,0,0,0,0,0,0,0,0,0,1
18.3,100.0,170.0,66892.0,441,8070.3,516,8.29,0,0,0,0,0,0,0,0,0,0,0,0,0,1,0,0,1,0,0,0,0,0,0,0,0,0,0,1
18.3,140.0,140.0,2940.0,21,384.3,0,7.65,0,0,0,0,1,0,0,0,0,0,0,0,0,1,0,0,1,0,0,0,0,0,0,0,0,0,0,0
12.0,144.0,144.0,8496.0,59,708.0,5,12.0,0,0,0,0,1,0,0,1,0,0,0,0,0,0,0,0,0,1,0,0,0,0,0,0,0,0,1,0
9.0,15.0,20.0,65.0,4,36.0,0,1.81,0,1,0,0,0,0,0,0,0,0,0,1,0,0,0,0,0,0,0,0,0,0,1,0,0,0,1,0
9.0,50.0,60.0,6590.0,131,1179.0,402,5.59,0,0,0,0,0,0,0,0,0,0,0,1,0,0,0,0,0,0,0,0,0,1,0,0,0,1,0,0
12.0,88.0,104.0,43520.0,458,5496.0,1866,7.92,0,0,0,0,1,0,0,1,0,0,0,0,0,0,0,0,0,1,0,0,0,0,0,0,0,0,0,0
9.0,45.0,65.0,3650.0,75,675.0,6,5.41,1,0,0,0,0,0,0,0,0,0,0,1,0,0,0,0,0,0,0,0,0,1,0,0,0,0,0,0
18.3,160.0,160.0,12320.0,77,1409.1,203,8.74,0,0,0,0,0,0,0,0,0,0,0,0,0,1,0,0,1,0,0,0,0,0,0,0,0,0,0,1
12.0,120.0,120.0,600.0,5,60.0,109,10.0,0,0,0,0,1,0,0,0,1,0,0,0,0,0,0,0,1,0,0,0,0,0,0,0,0,0,0,1
11.0,70.0,70.0,11200.0,160,1760.0,0,6.36,0,0,0,0,0,0,0,0,0,0,0,0,1,0,0,0,0,0,0,0,0,1,0,0,0,0,0,1
18.3,100.0,150.0,6360.0,45,823.5,578,7.72,0,0,0,0,0,0,0,0,0,0,0,0,0,1,0,0,1,0,0,0,0,0,0,0,0,0,0,0
18.3,80.0,160.0,15910.0,156,2854.8,1185,5.57,0,0,0,0,0,0,0,0,0,0,0,0,0,1,0,0,0,0,0,0,0,0,0,0,0,0,0,0
400.0,1400.0,1400.0,2800.0,2,800.0,0,3.5,0,0,0,0,1,0,0,0,0,0,1,0,0,0,0,0,0,1,0,0,0,0,0,0,0,0,0,1
18.3,80.0,160.0,33740.0,247,4520.1,303,7.46,0,0,0,0,0,1,0,0,0,0,0,0,0,1,0,0,0,0,0,0,0,0,0,0,0,0,1,0
18.3,160.0,160.0,160.0,1,18.3,549,8.74,0,0,0,0,1,0,0,0,0,0,0,0,0,1,0,0,0,0,0,1,0,0,0,0,0,0,0,0
9.0,60.0,60.0,120.0,2,18.0,53,6.67,1,0,0,0,0,0,0,0,0,0,0,1,0,0,0,0,0,0,0,0,0,0,1,0,0,1,0,0
12.0,104.0,104.0,2912.0,28,336.0,716,8.67,0,0,0,0,0,1,0,1,0,0,0,0,0,0,0,0,1,0,0,0,0,0,0,0,0,0,0,0
9.0,50.0,70.0,23670.0,365,3285.0,128,7.21,0,0,0,0,0,0,0,0,0,0,0,1,0,0,0,0,0,0,0,0,0,1,0,0,0,0,0,0
12.0,84.0,112.0,59823.0,669,8028.0,2980,7.45,0,0,0,0,0,0,0,1,0,0,0,0,0,0,0,0,0,1,0,0,0,0,0,0,0,0,0,1
9.0,50.0,50.0,950.0,19,171.0,66,5.56,0,0,0,0,0,1,0,0,0,0,0,1,0,0,0,0,0,0,0,0,1,0,0,0,0,0,0,1
9.0,30.0,55.0,9078.0,213,1917.0,495,4.74,0,0,0,0,0,0,0,0,0,0,0,1,0,0,0,0,0,0,0,0,0,0,1,0,0,1,0,0
11.0,60.0,70.0,57385.0,952,10472.0,28,5.48,0,0,0,0,0,0,0,0,0,0,0,0,1,0,0,0,0,0,0,0,0,0,1,0,0,0,0,0
9.0,50.0,75.0,29870.0,455,4095.0,217,7.29,0,0,0,0,0,0,0,0,0,0,0,1,0,0,0,0,0,0,0,0,0,0,1,0,0,1,0,0
18.3,160.0,160.0,160.0,1,18.3,1143,8.74,0,0,0,0,1,0,0,0,0,0,0,0,0,1,0,0,0,0,0,1,0,0,0,0,0,0,0,0
12.0,80.0,80.0,4400.0,55,660.0,9,6.67,0,0,0,0,1,0,0,0,1,0,0,0,0,0,0,0,0,1,0,0,0,0,0,0,0,0,0,1
18.3,130.0,170.0,16370.0,99,1811.7,117,9.04,0,0,0,0,0,0,0,0,0,0,0,0,0,1,0,0,1,0,0,0,0,0,0,0,0,0,0,1
12.0,80.0,104.0,58464.0,666,7992.0,2310,7.32,0,0,0,0,0,0,0,1,0,0,0,0,0,0,0,0,1,0,0,0,0,0,0,0,0,0,0,0
12.0,80.0,104.0,16456.0,169,2028.0,128,8.11,0,0,0,0,1,0,0,1,0,0,0,0,0,0,0,0,0,1,0,0,0,0,0,0,0,0,0,0
18.3,140.0,140.0,560.0,4,73.2,45,7.65,0,0,0,0,0,1,0,0,0,0,0,0,0,1,0,0,0,0,0,0,0,0,0,0,0,0,0,1
18.3,100.0,170.0,39752.0,262,4794.6,516,8.29,0,0,0,0,0,0,0,0,0,0,0,0,0,1,0,0,1,0,0,0,0,0,0,0,0,0,0,1
18.3,100.0,140.0,28040.0,280,5124.0,860,5.47,0,0,0,0,1,0,0,0,0,0,0,0,0,1,0,0,0,0,0,1,0,0,0,0,0,0,0,0
18.3,100.0,100.0,35600.0,356,6514.8,0,5.46,0,0,0,0,0,1,0,0,0,0,0,0,0,1,0,0,0,0,0,1,0,0,0,0,0,0,1,0
18.3,100.0,130.0,36080.0,338,6185.4,518,5.83,0,0,0,0,0,0,0,0,0,0,0,0,0,1,0,0,0,1,0,0,0,0,0,0,0,0,0,1
12.0,60.0,128.0,152174.0,1820,21840.0,3505,6.97,0,0,0,0,0,0,0,1,0,0,0,0,0,0,0,0,0,1,0,0,0,0,0,0,0,0,0,0
9.0,50.0,50.0,600.0,12,108.0,198,5.56,0,0,0,0,0,0,0,0,0,0,0,1,0,0,0,0,0,0,0,0,1,0,0,0,0,1,0,0
9.0,50.0,55.0,370.0,7,63.0,4,5.87,1,0,0,0,0,0,0,0,0,0,0,1,0,0,0,0,0,0,0,0,0,1,0,0,0,0,1,0
9.0,70.0,70.0,6300.0,90,810.0,0,7.78,0,0,0,0,1,0,0,0,0,0,0,1,0,0,0,0,0,0,0,0,0,1,0,0,0,0,0,0
11.0,50.0,60.0,12010.0,240,2640.0,320,4.55,0,0,0,0,0,0,0,0,0,0,0,0,1,0,0,0,0,0,0,0,0,1,0,0,0,0,0,0
400.0,100.0,100.0,100.0,1,400.0,0,0.25,0,1,0,0,0,0,0,0,0,0,1,0,0,0,0,0,0,0,0,0,0,0,1,0,0,0,0,1
18.3,160.0,170.0,2510.0,15,274.5,396,9.14,0,0,0,0,0,0,0,0,0,0,0,0,0,1,0,0,0,0,0,1,0,0,0,0,0,1,0,0
400.0,1400.0,2200.0,123420.0,63,25200.0,44,4.9,0,0,0,0,0,0,0,0,0,0,1,0,0,0,0,0,0,1,0,0,0,0,0,0,0,0,1,0
400.0,1900.0,2000.0,49700.0,26,10400.0,30,4.78,0,0,0,0,0,0,0,0,0,0,1,0,0,0,0,0,0,1,0,0,0,0,0,0,0,0,0,1
18.3,140.0,150.0,42930.0,306,5599.8,51,7.67,0,0,0,0,0,0,0,0,0,0,0,0,0,1,0,0,1,0,0,0,0,0,0,0,0,0,0,1
9.0,60.0,60.0,2460.0,41,369.0,121,6.67,1,0,0,0,0,0,0,0,0,0,0,1,0,0,0,0,0,0,0,0,0,1,0,0,0,0,0,1
9.0,20.0,20.0,20.0,1,9.0,0,2.22,0,1,0,0,0,0,0,0,0,0,0,1,0,0,0,0,0,0,0,0,0,0,1,0,0,0,1,0
9.0,50.0,65.0,7305.0,130,1170.0,0,6.24,0,0,0,0,0,0,0,0,0,0,0,1,0,0,0,0,0,0,0,0,0,1,0,0,0,0,0,1
9.0,52.0,55.0,7430.0,140,1260.0,648,5.9,0,0,0,0,1,0,0,0,0,0,0,1,0,0,0,0,0,0,0,0,1,0,0,0,0,0,0,1
9.0,50.0,50.0,9000.0,180,1620.0,0,5.56,0,0,0,0,0,0,0,0,0,0,0,1,0,0,0,0,0,0,0,0,0,0,0,1,0,0,1,0
9.0,70.0,70.0,1540.0,22,198.0,118,7.78,0,0,0,0,0,0,0,0,0,0,0,1,0,0,0,0,0,0,0,0,1,0,0,0,0,0,1,0
12.0,60.0,60.0,120.0,2,24.0,28,5.0,1,0,0,0,0,0,0,1,0,0,0,0,0,0,0,0,1,0,0,0,0,0,0,0,0,0,0,0
18.3,150.0,190.0,196640.0,1232,22545.6,859,8.72,0,0,0,0,1,0,0,0,0,0,0,0,0,1,0,0,0,0,0,0,0,0,0,0,0,0,0,0
12.0,20.0,60.0,4752.0,188,2256.0,0,2.11,1,0,0,0,0,0,0,1,0,0,0,0,0,0,0,0,0,1,0,0,0,0,0,0,0,0,1,0
18.3,140.0,180.0,4100.0,24,439.2,340,9.34,0,0,0,0,0,0,0,0,0,0,0,0,0,1,0,0,0,0,0,1,0,0,0,0,0,0,0,0
12.0,50.0,130.0,69960.0,619,7428.0,479,9.42,0,0,0,0,0,0,0,1,0,0,0,0,0,0,0,0,0,1,0,0,0,0,0,0,0,0,1,0
18.3,160.0,170.0,3060.0,19,347.7,0,8.8,1,0,0,0,0,0,0,0,0,0,0,0,0,1,0,0,0,0,0,1,0,0,0,0,0,0,1,0
9.0,40.0,50.0,8870.0,218,1962.0,2143,4.52,0,0,0,0,0,0,0,0,0,0,0,1,0,0,0,0,0,0,0,0,0,0,1,0,0,0,0,0
18.3,140.0,180.0,670.0,4,73.2,94,9.15,0,0,0,0,0,0,0,0,0,0,0,0,0,1,0,0,0,0,0,1,0,0,0,0,0,0,1,0
11.0,65.0,80.0,5165.0,73,803.0,367,6.43,0,0,0,0,0,0,0,0,0,0,0,0,1,0,0,0,0,0,0,0,0,1,0,0,0,0,1,0
18.3,100.0,150.0,26700.0,265,4849.5,13,5.51,0,0,0,0,0,1,0,0,0,0,0,0,0,1,0,0,0,0,0,0,0,0,0,0,0,0,1,0
9.0,45.0,65.0,2355.0,48,432.0,0,5.45,1,0,0,0,0,0,0,0,0,0,0,1,0,0,0,0,0,0,0,0,0,0,1,0,0,0,0,0
400.0,1850.0,1850.0,3700.0,2,800.0,3,4.62,0,0,0,0,1,0,0,0,0,0,1,0,0,0,0,0,1,0,0,0,0,0,0,0,0,0,0,1
18.3,220.0,220.0,2200.0,10,183.0,4,12.02,0,0,0,0,1,0,0,0,0,0,0,0,0,1,0,0,0,0,0,1,0,0,0,0,0,0,1,0
9.0,65.0,65.0,17550.0,270,2430.0,0,7.22,0,0,0,0,1,0,0,0,0,0,0,1,0,0,0,0,0,0,0,0,0,1,0,0,0,0,0,1
9.0,50.0,50.0,250.0,5,45.0,0,5.56,0,0,0,0,1,0,0,0,0,0,0,1,0,0,0,0,0,0,0,0,0,0,1,0,0,0,0,1
18.3,160.0,170.0,670.0,4,73.2,119,9.15,0,0,0,0,0,1,0,0,0,0,0,0,0,1,0,0,0,0,0,0,0,0,0,0,0,1,0,0
18.3,100.0,140.0,28180.0,271,4959.3,654,5.68,0,0,0,0,1,0,0,0,0,0,0,0,0,1,0,0,0,0,0,1,0,0,0,0,0,0,0,0
12.0,50.0,132.0,6290.0,52,624.0,785,10.08,0,0,0,0,0,0,0,1,0,0,0,0,0,0,0,0,1,0,0,0,0,0,0,0,0,0,1,0
9.0,40.0,60.0,29560.0,676,6084.0,132,4.86,0,0,0,0,0,0,0,0,0,0,0,1,0,0,0,0,0,0,0,0,0,0,1,0,0,0,0,1
11.0,50.0,50.0,1300.0,26,286.0,156,4.55,0,0,0,0,0,0,0,0,0,0,0,0,1,0,0,0,0,0,0,0,0,1,0,0,0,0,1,0
18.3,100.0,140.0,27680.0,241,4410.3,691,6.28,0,0,0,0,0,0,0,0,0,0,0,0,0,1,0,0,0,1,0,0,0,0,0,0,0,0,0,1
9.0,50.0,60.0,380.0,7,63.0,1450,6.03,0,0,0,0,0,0,0,0,0,0,0,1,0,0,0,0,0,0,0,0,0,0,0,0,1,0,0,0
12.0,108.0,144.0,183066.0,1542,18504.0,91,9.89,0,0,0,0,0,0,0,1,0,0,0,0,0,0,0,0,0,1,0,0,0,0,0,0,0,0,1,0
12.0,120.0,120.0,240.0,2,24.0,65,10.0,0,0,0,0,1,0,0,1,0,0,0,0,0,0,0,0,0,1,0,0,0,0,0,0,0,0,0,1
9.0,30.0,50.0,370.0,11,99.0,43,3.74,1,0,0,0,0,0,0,0,0,0,0,1,0,0,0,0,0,0,0,0,1,0,0,0,0,0,0,1
18.3,110.0,160.0,278530.0,2132,39015.6,2959,7.14,0,0,0,0,0,0,0,0,0,0,0,0,0,1,0,0,0,1,0,0,0,0,0,0,0,0,0,1
9.0,52.0,55.0,9685.0,181,1629.0,1105,5.95,0,0,0,0,1,0,0,0,0,0,0,1,0,0,0,0,0,0,0,0,0,0,1,0,0,0,0,0
12.0,20.0,120.0,140356.0,1560,18720.0,286,7.5,0,0,0,0,0,0,0,1,0,0,0,0,0,0,0,0,0,1,0,0,0,0,0,0,0,0,0,1
9.0,50.0,50.0,100.0,2,18.0,6,5.56,1,0,0,0,0,0,0,0,0,0,0,1,0,0,0,0,0,0,0,0,0,1,0,0,0,0,0,0
12.0,66.0,72.0,2844.0,42,504.0,42,5.64,1,0,0,0,0,0,0,1,0,0,0,0,0,0,0,0,1,0,0,0,0,0,0,0,0,0,0,1
9.0,60.0,70.0,130.0,2,18.0,8,7.22,0,0,0,0,0,0,0,0,0,0,0,1,0,0,0,0,0,0,0,0,0,0,0,0,1,0,0,1
400.0,1800.0,1800.0,10800.0,6,2400.0,0,4.5,0,0,0,0,0,0,0,0,0,0,1,0,0,0,0,0,0,0,0,0,0,0,1,0,0,0,0,1
9.0,20.0,50.0,18830.0,551,4959.0,782,3.8,0,0,0,0,0,0,0,0,0,0,0,1,0,0,0,0,0,0,0,0,0,0,1,0,0,0,0,0
9.0,20.0,70.0,7885.0,196,1764.0,358,4.47,0,0,0,0,0,0,0,0,0,0,0,1,0,0,0,0,0,0,0,0,0,1,0,0,0,0,1,0
18.3,160.0,165.0,15925.0,98,1793.4,0,8.88,0,0,0,0,1,0,0,0,0,0,0,0,0,1,0,0,0,0,0,0,0,0,0,0,0,1,0,0
12.0,108.0,120.0,9300.0,85,1020.0,38,9.12,0,0,0,0,1,0,0,0,1,0,0,0,0,0,0,0,0,1,0,0,0,0,0,0,0,0,0,1
12.0,90.0,96.0,11172.0,120,1440.0,491,7.76,0,0,0,0,0,0,0,1,0,0,0,0,0,0,0,0,1,0,0,0,0,0,0,0,0,0,0,1
18.3,160.0,180.0,17580.0,108,1976.4,0,8.89,0,0,0,0,1,0,0,0,0,0,0,0,0,1,0,0,0,0,0,0,0,0,0,0,0,0,0,1
18.3,100.0,140.0,69920.0,632,11565.6,3223,6.05,0,0,0,0,0,0,0,0,0,0,0,0,0,1,0,0,0,1,0,0,0,0,0,0,0,0,0,1
400.0,15.0,500.0,500.0,1,400.0,0,1.25,0,1,0,0,0,0,0,0,0,0,1,0,0,0,0,0,0,1,0,0,0,0,0,0,0,0,0,1
12.0,128.0,128.0,8192.0,64,768.0,0,10.67,0,0,0,0,0,0,0,1,0,0,0,0,0,0,0,0,1,0,0,0,0,0,0,0,0,0,1,0
9.0,40.0,50.0,5930.0,138,1242.0,445,4.77,0,0,0,0,1,0,0,0,0,0,0,1,0,0,0,0,0,0,0,0,0,1,0,0,0,0,0,0
9.0,40.0,50.0,7460.0,179,1611.0,0,4.63,0,0,0,0,0,1,0,0,0,0,0,1,0,0,0,0,0,0,0,0,0,0,1,0,0,0,0,1
18.3,140.0,160.0,3220.0,22,402.6,70,8.0,0,0,0,0,1,0,0,0,0,0,0,0,0,1,0,0,0,0,0,0,0,0,0,0,0,0,0,0
9.0,50.0,50.0,400.0,8,72.0,1516,5.56,1,0,0,0,0,0,0,0,0,0,0,1,0,0,0,0,0,0,0,0,0,1,0,0,0,0,0,0
9.0,60.0,70.0,130.0,2,18.0,8,7.22,0,0,0,0,0,0,0,0,0,0,0,1,0,0,0,0,0,0,0,0,0,0,0,0,1,0,0,1
9.0,52.0,55.0,18990.0,360,3240.0,0,5.86,0,0,0,0,1,0,0,0,0,0,0,1,0,0,0,0,0,0,0,0,0,1,0,0,0,1,0,0
12.0,52.0,128.0,12256.0,153,1836.0,192,6.68,0,0,0,0,1,0,0,1,0,0,0,0,0,0,0,0,1,0,0,0,0,0,0,0,0,0,0,1
18.3,140.0,150.0,1180.0,8,146.4,528,8.06,0,0,0,0,0,0,0,0,0,0,0,0,0,1,0,0,0,0,0,1,0,0,0,0,0,0,0,0
18.3,180.0,190.0,13370.0,73,1335.9,60,10.01,0,0,0,0,1,0,0,0,0,0,0,0,0,1,0,0,0,0,0,0,0,0,0,0,0,0,0,1
18.3,160.0,170.0,14980.0,91,1665.3,151,9.0,0,0,0,0,0,1,0,0,0,0,0,0,0,1,0,0,0,0,0,1,0,0,0,0,0,1,0,0
18.3,110.0,180.0,26230.0,164,3001.2,282,8.74,0,0,0,0,0,0,0,0,0,0,0,0,0,1,0,0,1,0,0,0,0,0,0,0,0,0,0,0
9.0,55.0,55.0,55.0,1,9.0,310,6.11,0,0,0,0,1,0,0,0,0,0,0,1,0,0,0,0,0,0,0,0,1,0,0,0,0,0,0,1
12.0,90.0,112.0,11812.0,126,1512.0,629,7.81,0,0,0,0,0,0,0,1,0,0,0,0,0,0,0,0,1,0,0,0,0,0,0,0,0,0,0,1
18.3,100.0,130.0,1690.0,15,274.5,61,6.16,0,0,0,0,0,0,0,0,0,0,0,0,0,1,0,0,0,0,0,1,0,0,0,0,0,0,0,1
18.3,140.0,160.0,17320.0,116,2122.8,357,8.16,0,0,0,0,0,0,0,0,0,0,0,0,0,1,0,0,1,0,0,0,0,0,0,0,0,0,0,1
9.0,55.0,55.0,55.0,1,9.0,41,6.11,0,0,0,0,0,1,0,0,0,0,0,1,0,0,0,0,0,0,0,0,0,0,1,0,0,0,0,0
18.3,120.0,160.0,168410.0,1281,23442.3,2958,7.18,0,0,0,0,0,0,0,0,0,0,0,0,0,1,0,0,0,1,0,0,0,0,0,0,0,0,0,1
12.0,112.0,112.0,5936.0,53,636.0,0,9.33,0,1,0,0,0,0,0,1,0,0,0,0,0,0,0,0,0,1,0,0,0,0,0,0,0,0,0,0
12.0,112.0,120.0,15520.0,138,1656.0,994,9.37,0,0,0,0,1,0,0,1,0,0,0,0,0,0,0,0,0,1,0,0,0,0,0,0,0,0,0,1
400.0,1700.0,2000.0,126500.0,64,25600.0,2,4.94,0,0,0,0,0,0,0,0,0,0,1,0,0,0,0,0,0,1,0,0,0,0,0,0,0,0,0,1
9.0,50.0,60.0,3135.0,58,522.0,52,6.01,1,0,0,0,0,0,0,0,0,0,0,1,0,0,0,0,0,0,0,0,0,1,0,0,0,0,0,1
18.3,140.0,140.0,1680.0,12,219.6,0,7.65,0,0,0,0,1,0,0,0,0,0,0,0,0,1,0,0,1,0,0,0,0,0,0,0,0,0,1,0
9.0,40.0,65.0,34240.0,778,7002.0,155,4.89,0,0,0,0,0,0,0,0,0,0,0,1,0,0,0,0,0,0,0,0,0,0,1,0,0,0,0,1
12.0,72.0,90.0,1563.0,19,228.0,11,6.86,1,0,0,0,0,0,0,1,0,0,0,0,0,0,0,0,1,0,0,0,0,0,0,0,0,0,0,1
9.0,45.0,50.0,5100.0,112,1008.0,1302,5.06,0,0,0,0,0,0,0,0,0,0,0,1,0,0,0,0,0,0,0,0,0,0,0,0,1,0,0,0
18.3,120.0,160.0,28830.0,219,4007.7,702,7.19,0,0,0,0,1,0,0,0,0,0,0,0,0,1,0,0,0,0,0,0,0,0,0,0,0,0,0,0
400.0,1800.0,1800.0,12600.0,7,2800.0,1,4.5,0,0,0,0,0,0,0,0,0,0,1,0,0,0,0,0,0,1,0,0,0,0,0,0,0,0,0,0
12.0,60.0,65.0,3475.0,55,660.0,50,5.27,1,0,0,0,0,0,0,1,0,0,0,0,0,0,0,0,1,0,0,0,0,0,0,0,0,0,0,0
9.0,20.0,20.0,920.0,46,414.0,0,2.22,0,0,0,0,1,0,0,0,0,0,0,1,0,0,0,0,0,0,0,0,0,1,0,0,0,0,0,1
18.3,110.0,200.0,38510.0,316,5782.8,430,6.66,0,0,0,0,0,0,0,0,0,0,0,0,0,1,0,0,0,0,0,1,0,0,0,0,0,0,0,1
18.3,100.0,180.0,20440.0,148,2708.4,1407,7.55,0,0,0,0,0,0,0,0,0,0,0,0,0,1,0,0,0,0,0,0,0,0,0,0,0,0,0,0
12.0,96.0,108.0,5864.0,58,696.0,70,8.43,0,0,0,0,0,1,0,1,0,0,0,0,0,0,0,0,0,1,0,0,0,0,0,0,0,0,0,1
12.0,80.0,112.0,26292.0,312,3744.0,670,7.02,0,0,0,0,0,0,0,1,0,0,0,0,0,0,0,0,1,0,0,0,0,0,0,0,0,0,0,0
12.0,168.0,168.0,1008.0,6,72.0,331,14.0,0,0,0,0,1,0,0,1,0,0,0,0,0,0,0,0,1,0,0,0,0,0,0,0,0,0,1,0
18.3,20.0,180.0,1180.0,27,494.1,245,2.39,0,0,0,0,0,0,0,0,0,0,0,0,0,1,0,0,0,0,0,1,0,0,0,0,0,0,1,0
9.0,55.0,55.0,110.0,2,18.0,316,6.11,0,0,0,0,1,0,0,0,0,0,0,1,0,0,0,0,0,0,0,0,1,0,0,0,0,0,0,0
11.0,45.0,60.0,1230.0,21,231.0,521,5.32,0,0,0,0,0,0,0,0,0,0,0,0,1,0,0,0,0,0,0,0,0,0,1,0,0,0,0,0
9.0,60.0,70.0,9380.0,156,1404.0,77,6.68,1,0,0,0,0,0,0,0,0,0,0,1,0,0,0,0,0,0,0,0,0,0,1,0,0,0,0,0
9.0,60.0,60.0,10800.0,180,1620.0,0,6.67,0,0,0,0,1,0,0,0,0,0,0,1,0,0,0,0,0,0,0,0,0,1,0,0,0,0,0,1
18.3,130.0,130.0,4550.0,35,640.5,10,7.1,0,0,0,0,0,1,0,0,0,0,0,0,0,1,0,0,0,0,0,0,0,0,0,0,0,0,0,1
400.0,500.0,1800.0,56800.0,33,13200.0,5,4.3,0,1,0,0,0,0,0,0,0,0,1,0,0,0,0,0,0,1,0,0,0,0,0,0,0,0,0,1
9.0,60.0,65.0,5145.0,83,747.0,852,6.89,1,0,0,0,0,0,0,0,0,0,0,1,0,0,0,0,0,0,0,0,0,1,0,0,0,0,0,0
9.0,60.0,60.0,6000.0,100,900.0,0,6.67,0,0,0,0,0,0,0,0,0,0,0,1,0,0,0,0,0,0,0,0,1,0,0,0,0,0,0,1
12.5,70.0,70.0,4830.0,69,862.5,70,5.6,0,0,0,0,0,0,0,0,0,0,0,0,0,0,1,0,1,0,0,0,0,0,0,0,0,0,1,0
9.0,60.0,65.0,6785.0,111,999.0,233,6.79,0,0,0,0,1,0,0,0,0,0,0,1,0,0,0,0,0,0,0,0,0,0,1,0,0,1,0,0
18.3,160.0,180.0,1000.0,6,109.8,2,9.11,0,0,0,0,1,0,0,0,0,0,0,0,0,1,0,0,0,0,0,1,0,0,0,0,0,0,0,0
12.0,50.0,108.0,66598.0,885,10620.0,1218,6.27,0,0,0,0,0,0,0,1,0,0,0,0,0,0,0,0,0,1,0,0,0,0,0,0,0,0,0,1
12.0,120.0,128.0,10928.0,91,1092.0,14,10.01,0,0,0,0,1,0,0,1,0,0,0,0,0,0,0,0,0,1,0,0,0,0,0,0,0,0,0,1
9.0,60.0,65.0,8045.0,133,1197.0,279,6.72,1,0,0,0,0,0,0,0,0,0,0,1,0,0,0,0,0,0,0,0,0,1,0,0,0,0,0,1
18.3,100.0,200.0,105960.0,698,12773.4,789,8.3,0,0,0,0,0,0,0,0,0,0,0,0,0,1,0,0,0,0,0,0,0,0,0,0,0,0,0,1
12.0,60.0,60.0,3840.0,64,768.0,0,5.0,0,1,0,0,0,0,0,1,0,0,0,0,0,0,0,0,0,0,0,0,0,0,1,0,0,0,0,1
9.0,52.0,52.0,4680.0,90,810.0,630,5.78,0,0,0,0,1,0,0,0,0,0,0,1,0,0,0,0,0,0,0,0,0,0,1,0,0,0,0,1
12.0,96.0,96.0,12288.0,128,1536.0,12,8.0,0,0,0,0,0,1,0,0,1,0,0,0,0,0,0,0,0,1,0,0,0,0,0,0,0,0,0,0
11.0,65.0,70.0,33920.0,496,5456.0,88,6.22,0,0,0,0,0,0,0,0,0,0,0,0,1,0,0,0,0,0,0,0,0,1,0,0,0,0,0,1
12.0,60.0,132.0,30590.0,316,3792.0,1046,8.07,0,0,0,0,0,0,0,1,0,0,0,0,0,0,0,0,0,1,0,0,0,0,0,0,0,0,1,0
9.0,38.0,50.0,9975.0,262,2358.0,335,4.23,1,0,0,0,0,0,0,0,0,0,0,1,0,0,0,0,0,0,0,0,0,1,0,0,0,0,0,0
400.0,2100.0,2100.0,199500.0,95,38000.0,2,5.25,0,0,0,0,0,0,0,0,0,0,1,0,0,0,0,0,0,1,0,0,0,0,0,0,0,0,0,1
18.3,110.0,180.0,22710.0,144,2635.2,270,8.62,0,0,0,0,0,0,0,0,0,0,0,0,0,1,0,0,0,0,0,1,0,0,0,0,0,0,0,1
9.0,40.0,70.0,58305.0,1027,9243.0,36,6.31,0,0,0,0,0,0,0,0,0,0,0,1,0,0,0,0,0,0,0,0,0,1,0,0,0,0,0,1
400.0,800.0,800.0,1600.0,2,800.0,0,2.0,0,1,0,0,0,0,0,0,0,0,1,0,0,0,0,0,0,0,0,0,0,1,0,0,0,0,0,1
18.3,140.0,140.0,3920.0,28,512.4,0,7.65,0,0,0,0,1,0,0,0,0,0,0,0,0,1,0,0,0,1,0,0,0,0,0,0,0,0,0,0
18.3,80.0,200.0,10030.0,51,933.3,319,10.75,0,0,0,0,0,0,0,0,0,0,0,0,0,1,0,0,0,0,0,1,0,0,0,0,0,0,0,0
12.0,60.0,90.0,86452.0,1216,14592.0,0,5.92,0,0,0,1,0,0,0,1,0,0,0,0,0,0,0,0,0,1,0,0,0,0,0,0,0,0,0,1
12.0,80.0,128.0,42472.0,400,4800.0,1179,8.85,0,0,0,0,0,0,0,1,0,0,0,0,0,0,0,0,0,1,0,0,0,0,0,0,0,0,0,0
12.0,36.0,36.0,3240.0,90,1080.0,0,3.0,1,0,0,0,0,0,0,1,0,0,0,0,0,0,0,0,0,1,0,0,0,0,0,0,0,0,0,0
18.3,100.0,100.0,100.0,1,18.3,251,5.46,0,0,0,0,0,0,0,0,0,0,0,0,0,1,0,0,1,0,0,0,0,0,0,0,0,0,0,0
12.0,30.0,30.0,1920.0,64,768.0,256,2.5,0,0,0,1,0,0,0,1,0,0,0,0,0,0,0,0,0,1,0,0,0,0,0,0,0,0,0,0
12.0,72.0,88.0,628.0,8,96.0,108,6.54,0,0,0,0,0,0,0,1,0,0,0,0,0,0,0,0,1,0,0,0,0,0,0,0,0,0,0,1
12.0,50.0,136.0,137768.0,1102,13224.0,128,10.42,0,0,0,0,0,0,0,1,0,0,0,0,0,0,0,0,0,1,0,0,0,0,0,0,0,0,1,0
18.3,170.0,170.0,2380.0,14,256.2,107,9.29,0,0,0,0,0,1,0,0,0,0,0,0,0,1,0,0,0,0,0,0,0,0,0,0,0,1,0,0
9.0,55.0,60.0,1115.0,20,180.0,2,6.19,1,0,0,0,0,0,0,0,0,0,0,1,0,0,0,0,0,0,0,0,1,0,0,0,0,1,0,0
12.0,72.0,80.0,584.0,8,96.0,88,6.08,0,0,0,0,0,0,0,1,0,0,0,0,0,0,0,0,0,0,0,0,0,0,0,0,0,0,0,1
11.0,60.0,70.0,34000.0,560,6160.0,0,5.52,0,0,0,0,0,0,0,0,0,0,0,0,1,0,0,0,0,0,0,0,0,0,1,0,0,0,0,1
18.3,120.0,190.0,21350.0,151,2763.3,1889,7.73,0,0,0,0,0,0,0,0,0,0,0,0,0,1,0,0,0,1,0,0,0,0,0,0,0,0,1,0
9.0,80.0,80.0,320.0,4,36.0,0,8.89,0,0,0,0,0,1,0,0,0,0,0,1,0,0,0,0,0,0,0,0,0,1,0,0,0,0,0,1
9.0,45.0,45.0,8100.0,180,1620.0,0,5.0,0,0,0,0,0,0,0,0,0,0,0,1,0,0,0,0,0,0,0,0,0,0,0,1,0,0,0,0
9.0,20.0,45.0,5080.0,191,1719.0,1036,2.96,0,0,0,0,0,0,0,0,0,0,0,1,0,0,0,0,0,0,0,0,0,0,1,0,0,0,0,0
9.0,35.0,50.0,1920.0,54,486.0,900,3.95,0,0,0,0,1,0,0,0,0,0,0,1,0,0,0,0,0,0,0,0,0,0,1,0,0,0,0,0
18.3,100.0,180.0,35980.0,223,4080.9,590,8.82,0,0,0,0,0,0,0,0,0,0,0,0,0,1,0,0,0,0,0,0,0,0,0,0,0,1,0,0
18.3,120.0,160.0,36700.0,267,4886.1,488,7.51,0,0,0,0,1,0,0,0,0,0,0,0,0,1,0,0,0,0,0,0,0,0,0,0,0,0,0,0
12.5,65.0,65.0,5330.0,82,1025.0,90,5.2,1,0,0,0,0,0,0,0,0,0,0,0,0,0,1,0,1,0,0,0,0,0,0,0,0,0,0,0
9.0,40.0,40.0,320.0,8,72.0,172,4.44,1,0,0,0,0,0,0,0,0,0,0,1,0,0,0,0,0,0,0,0,0,1,0,0,0,0,0,0
12.0,60.0,60.0,4320.0,72,864.0,127,5.0,0,0,0,0,1,0,0,0,1,0,0,0,0,0,0,0,0,1,0,0,0,0,0,0,0,0,1,0
400.0,1200.0,1200.0,1200.0,1,400.0,5,3.0,0,0,0,0,0,0,0,0,0,0,1,0,0,0,0,0,0,1,0,0,0,0,0,0,0,0,0,0
9.0,55.0,60.0,2115.0,38,342.0,605,6.18,0,0,0,0,0,0,0,0,0,0,0,1,0,0,0,0,0,0,0,0,0,1,0,0,0,0,0,1
12.0,64.0,72.0,784.0,12,144.0,28,5.44,1,0,0,0,0,0,0,1,0,0,0,0,0,0,0,0,0,1,0,0,0,0,0,0,0,0,0,1
11.0,50.0,80.0,3400.0,65,715.0,75,4.76,0,0,0,0,0,0,0,0,0,0,0,0,1,0,0,0,0,0,0,0,0,1,0,0,0,0,1,0
9.0,55.0,60.0,1568.0,28,252.0,230,6.22,0,0,0,0,0,0,0,0,0,0,0,1,0,0,0,0,0,0,0,0,1,0,0,0,0,1,0,0
12.0,80.0,112.0,22352.0,230,2760.0,216,8.1,0,0,0,0,0,0,0,1,0,0,0,0,0,0,0,0,0,1,0,0,0,0,0,0,0,0,0,1
9.0,30.0,60.0,1290.0,37,333.0,321,3.87,0,0,0,0,1,0,0,0,0,0,0,1,0,0,0,0,0,0,0,0,0,1,0,0,0,0,0,0
9.0,50.0,60.0,6450.0,126,1134.0,2004,5.69,0,0,0,0,0,0,0,0,0,0,0,1,0,0,0,0,0,0,0,0,0,1,0,0,0,0,0,0
400.0,600.0,2000.0,24100.0,14,5600.0,91,4.3,0,0,0,0,0,0,0,0,0,0,1,0,0,0,0,0,0,1,0,0,0,0,0,0,0,0,0,1
18.3,170.0,180.0,62080.0,352,6441.6,266,9.64,0,0,0,0,0,0,0,0,0,0,0,0,0,1,0,0,0,0,0,0,0,0,0,0,0,0,1,0
12.0,30.0,30.0,150.0,5,60.0,86,2.5,0,0,0,0,0,0,0,1,0,0,0,0,0,0,0,0,0,0,0,0,0,0,1,0,0,0,0,0
18.3,130.0,160.0,2420.0,17,311.1,1690,7.78,0,0,0,0,1,0,0,0,0,0,0,0,0,1,0,0,0,0,0,1,0,0,0,0,0,0,0,0
9.0,50.0,60.0,2840.0,53,477.0,26,5.95,1,0,0,0,0,0,0,0,0,0,0,1,0,0,0,0,0,0,0,0,0,0,1,0,0,1,0,0
18.3,150.0,150.0,1050.0,7,128.1,181,8.2,0,0,0,0,0,0,0,0,0,0,0,0,0,1,0,0,0,0,0,0,0,0,0,0,0,0,0,1
12.0,112.0,120.0,7056.0,62,744.0,585,9.48,0,0,0,0,1,0,0,1,0,0,0,0,0,0,0,0,0,1,0,0,0,0,0,0,0,1,0,0
9.0,50.0,55.0,5263.0,105,945.0,1284,5.57,0,0,0,0,1,0,0,0,0,0,0,1,0,0,0,0,0,0,0,0,0,0,1,0,0,0,0,0
9.0,60.0,70.0,3573.0,55,495.0,81,7.22,1,0,0,0,0,0,0,0,0,0,0,1,0,0,0,0,0,0,0,0,1,0,0,0,0,0,0,0
18.3,120.0,160.0,5040.0,41,750.3,268,6.72,0,0,0,0,0,0,0,0,0,0,0,0,0,1,0,0,1,0,0,0,0,0,0,0,0,1,0,0
9.0,50.0,65.0,5200.0,87,783.0,44,6.64,0,0,0,0,0,0,0,0,0,0,0,1,0,0,0,0,0,0,0,0,0,0,1,0,0,0,1,0
18.3,170.0,200.0,77100.0,406,7429.8,862,10.38,0,0,0,0,0,0,0,0,0,0,0,0,0,1,0,0,0,0,0,0,0,0,0,0,0,0,0,1
9.0,55.0,60.0,2215.0,40,360.0,8,6.15,0,0,0,0,0,1,0,0,0,0,0,1,0,0,0,0,0,0,0,0,0,1,0,0,0,1,0,0
18.3,100.0,200.0,268920.0,1706,31219.8,729,8.61,0,0,0,0,0,0,0,0,0,0,0,0,0,1,0,0,0,0,0,0,0,0,0,0,0,0,0,1
12.0,70.0,72.0,6564.0,92,1104.0,98,5.95,1,0,0,0,0,0,0,1,0,0,0,0,0,0,0,0,0,1,0,0,0,0,0,0,0,0,1,0
9.0,50.0,50.0,50.0,1,9.0,273,5.56,0,0,0,0,1,0,0,0,0,0,0,1,0,0,0,0,0,0,0,0,1,0,0,0,0,0,0,0
18.3,180.0,180.0,8640.0,48,878.4,38,9.84,0,0,0,0,1,0,0,0,0,0,0,0,0,1,0,0,0,0,0,1,0,0,0,0,0,0,0,1
18.3,100.0,150.0,47590.0,401,7338.3,173,6.49,0,0,0,0,0,0,0,0,0,0,0,0,0,1,0,0,0,1,0,0,0,0,0,0,0,0,0,0
18.3,130.0,170.0,33270.0,237,4337.1,950,7.67,0,0,0,0,0,0,0,0,0,0,0,0,0,1,0,0,1,0,0,0,0,0,0,0,0,1,0,0
3.0,5.0,5.0,5.0,1,3.0,1,1.67,0,1,0,0,0,0,0,0,0,0,0,0,0,0,0,0,0,0,0,0,0,0,1,0,0,0,0,1
12.0,40.0,40.0,4000.0,100,1200.0,0,3.33,0,1,0,0,0,0,0,1,0,0,0,0,0,0,0,0,0,1,0,0,0,0,0,0,0,0,0,0
400.0,1200.0,2000.0,26000.0,17,6800.0,68,3.82,0,0,0,0,0,0,0,0,0,0,1,0,0,0,0,0,0,1,0,0,0,0,0,0,0,1,0,0
12.0,120.0,120.0,720.0,6,72.0,109,10.0,0,0,0,0,1,0,0,0,1,0,0,0,0,0,0,0,1,0,0,0,0,0,0,0,0,0,0,1
11.0,50.0,65.0,12310.0,245,2695.0,243,4.57,0,0,0,0,0,0,0,0,0,0,0,0,1,0,0,0,0,0,0,0,0,0,1,0,0,0,0,0
12.0,60.0,108.0,32948.0,392,4704.0,1526,7.0,0,0,0,0,0,0,0,1,0,0,0,0,0,0,0,0,0,1,0,0,0,0,0,0,0,0,0,1
400.0,2000.0,2000.0,2000.0,1,400.0,10,5.0,0,0,0,0,1,0,0,0,0,0,1,0,0,0,0,0,0,1,0,0,0,0,0,0,0,0,0,1
400.0,2200.0,2200.0,66000.0,30,12000.0,0,5.5,0,0,0,0,0,0,0,0,0,0,1,0,0,0,0,0,0,1,0,0,0,0,0,0,0,0,1,0
400.0,1800.0,1800.0,7200.0,4,1600.0,45,4.5,0,0,0,0,0,0,0,0,0,0,1,0,0,0,0,0,0,1,0,0,0,0,0,0,0,0,0,1
9.0,60.0,65.0,26580.0,413,3717.0,0,7.15,0,0,0,0,1,0,0,0,0,0,0,1,0,0,0,0,0,0,0,0,0,0,1,0,0,0,0,1
9.0,60.0,60.0,120.0,2,18.0,268,6.67,0,0,0,0,1,0,0,0,0,0,0,1,0,0,0,0,0,0,0,0,1,0,0,0,0,0,0,0
9.0,40.0,40.0,1720.0,43,387.0,31,4.44,0,0,0,0,0,0,0,0,0,0,0,1,0,0,0,0,0,0,0,0,0,0,1,0,0,0,0,1
400.0,2000.0,2000.0,204000.0,102,40800.0,0,5.0,0,0,0,0,0,0,0,0,0,0,1,0,0,0,0,0,0,1,0,0,0,0,0,0,0,0,0,1
12.0,64.0,64.0,320.0,5,60.0,51,5.33,1,0,0,0,0,0,0,1,0,0,0,0,0,0,0,0,1,0,0,0,0,0,0,0,0,0,0,1
12.0,96.0,96.0,1920.0,20,240.0,53,8.0,0,1,0,0,0,0,0,1,0,0,0,0,0,0,0,0,0,1,0,0,0,0,0,0,0,0,0,0
18.3,130.0,130.0,7280.0,56,1024.8,74,7.1,0,0,1,0,0,0,0,0,0,0,0,0,0,1,0,0,0,0,0,1,0,0,0,0,0,0,1,0
9.0,50.0,60.0,4540.0,89,801.0,793,5.67,0,0,0,0,0,0,0,0,0,0,0,1,0,0,0,0,0,0,0,0,0,1,0,0,0,0,0,0
11.0,30.0,40.0,2140.0,70,770.0,0,2.78,0,0,0,0,0,0,0,0,0,0,0,0,1,0,0,0,0,0,0,0,0,1,0,0,0,0,0,0
12.0,88.0,104.0,9960.0,109,1308.0,67,7.61,0,0,0,0,1,0,0,1,0,0,0,0,0,0,0,0,1,0,0,0,0,0,0,0,0,0,0,0
